3075 4109
1485 366 1554 373 ..
1695 338 1761 384 20
1904 362 1973 369 -.

683 483 768 524 Sed
800 494 938 523 noune
966 481 1051 521 hoc
1080 481 1202 522 nimis
1228 481 1414 522 breviter
1442 479 1600 519 dictum
1635 486 1764 519 esset:
1793 477 1925 517 Nemo
1948 472 2219 515 Antilochum
2250 473 2471 513 vulnerare
2504 471 2653 527 potuit,
2682 472 2779 526 quia

682 560 907 614 Neptunus
935 569 1032 597 eum
1060 556 1103 596 in
1133 555 1224 596 aliis
1252 568 1426 611 quoque
1454 552 1626 609 procliis
1655 551 1855 594 tuebatur.
1912 551 2106 593 Fortasse
2136 562 2249 601 erro,
2289 550 2362 590 sed
2388 558 2528 590 tamen
2567 549 2648 590 hoc
2678 548 2780 589 mihi

687 634 833 675 durius
863 632 1041 674 videtur.
1099 631 1258 673 Verum
1299 644 1382 672 non
1422 644 1528 684 opus
1568 637 1631 669 est
1661 638 1704 670 ut
1732 628 1782 669 ad
1818 628 1926 668 hunc
1962 627 2100 669 locum
2140 625 2440 683 confugiamus.
2491 627 2542 668 V.
2573 626 2654 666 ’109
2686 640 2780 683 sqq.

686 725 828 767 pugna
858 710 1087 750 cominus
1116 707 1225 748 iacta
1239 707 1516 761 Trojauorum
1536 716 1657 763 atque
1668 707 1927 746 Graecorum
1942 703 2204 744 describitur.
2262 704 2347 743 Sed
2373 704 2472 744 haec
2490 717 2574 744 nou
2597 705 2786 757 pertinet

689 787 743 827 ad
758 786 928 840 Ajacem
959 785 1096 837 ipsum
1105 797 1119 834 3
1148 782 1191 821 id
1218 781 1331 837 quod
1361 794 1411 820 ex
1441 782 1604 821 ratione
1635 796 1715 837 qua
1744 789 1926 821 armatus
1941 790 2040 834 erat,
2069 788 2195 835 patet.
2253 779 2453 823 Vibrabat
2469 780 2580 818 enim
2599 777 2784 828 (0677)

687 860 850 913 ξυστὸν
888 860 1000 914 μέγα
1029 854 1279 912 ναύμαχον,
1318 857 1875 914 δυωκαιεικοσίπηχυ.
1959 862 2106 901 Nonne
2150 873 2243 900 eum
2286 860 2341 899 ita
2383 866 2582 899 armatum
2620 869 2788 897 necesse

691 949 786 982 erat
815 949 898 980 tam
916 947 1125 979 remotum
1149 952 1237 979 esse
1265 952 1287 977 a
1304 937 1510 991 Trojanis,
1538 945 1583 976 ut
1597 936 1653 990 hi,
1683 952 1810 992 quum
1830 937 1933 977 alios
1953 938 2140 979 cominus
2157 938 2480 993 aggrederentur
2494 942 2556 985 (v.
2572 937 2653 976 709
2669 940 2787 990 sqq.)

692 1019 830 1073 ipsum
862 1030 946 1056 non
977 1016 1099 1056 aliter
1127 1029 1248 1070 quam
1281 1015 1374 1055 telis
1402 1034 1458 1044 —
1484 1012 1689 1067 βέλεσσιν
1716 1037 1772 1045 -
1798 1024 1969 1068 possent
1999 1014 2231 1070 attingere?
2287 1015 2357 1055 Sic
2384 1014 2639 1068 intelligitur,
2681 1026 2791 1067 quo—

694 1095 823 1136 modo
853 1093 946 1133 fieri
974 1093 1169 1148 potuerit,
1206 1101 1251 1132 ut
1280 1092 1345 1131 vel
1377 1104 1425 1130 ex
1455 1103 1626 1131 recessu
1656 1094 1722 1142 (v.
1753 1093 1834 1132 729
1865 1096 1981 1147 sqq.)
2024 1093 2130 1145 Ajax
2169 1100 2337 1146 pugnet.
2407 1091 2516 1131 Idem
2557 1090 2789 1131 Scholiasta

696 1172 882 1215 voluisse
919 1170 1100 1218 videtur,
1154 1168 1227 1223 qui
1272 1168 1324 1208 ad
1370 1182 1408 1209 v.
1439 1169 1519 1209 728
1557 1163 1796 1218 ἀνεχάζετο
1839 1168 2034 1211 adnotat:
2086 1164 2207 1215 ὅπως
2245 1168 2304 1223 τῷ
2340 1170 2533 1223 μεγίστῳ
2578 1163 2791 1226 χρῆσῃται

699 1243 852 1302 δόρατι
884 1243 1030 1296 (Belin.
1058 1243 1090 1282 Π
1119 1243 1202 1284 436
1231 1257 1253 1281 a
1282 1242 1370 1291 20).

899 1322 1095 1362 Nostram
1123 1319 1328 1360 rationem
1364 1319 1438 1376 qui
1476 1329 1704 1375 sequentur
1730 1320 1779 1361 ΙΙ
1806 1322 1883 1362 122
1926 1322 2098 1361 verbum
2134 1321 2269 1363 verbo
2308 1322 2534 1364 reddentes
2574 1321 2796 1376 explicare

698 1409 922 1458 poteruutz
963 1399 1085 1439 cessit
1115 1412 1164 1438 ex
1194 1398 1301 1446 telis,
1341 1411 1397 1439 sc.
1431 1398 1473 1437 in
1505 1411 1598 1437 eum
1629 1397 1840 1451 conjectis,
1883 1413 2011 1454 quum
2040 1399 2242 1452 Hauptius
2282 1400 2554 1454 interpretari
2596 1407 2798 1454 cogatur:

701 1479 820 1521 cessit
847 1486 961 1519 extra
992 1477 1064 1516 teli
1094 1476 1335 1529 conjectum
1346 1490 1358 1525 3
1404 1475 1445 1514 in
1476 1489 1559 1529 quo
1591 1488 1666 1515 cur
1696 1475 1738 1514 id
1767 1476 1916 1515 fecerit
1942 1489 2025 1515 non
2068 1486 2249 1529 apparet,
2296 1478 2329 1516 si
2371 1478 2460 1516 telis
2506 1478 2676 1516 omnino
2710 1489 2795 1515 non

702 1558 768 1597 usi
800 1569 887 1596 esse
914 1554 1087 1607 Trojani
1116 1562 1316 1606 putantur

1708 1630 1811 1669 vn.

909 1707 1196 1747 Lachmannus
1225 1707 1408 1760 quinque
1445 1705 1578 1746 Iliadis
1616 1705 1744 1745 libros
1788 1706 1861 1759 qui
1900 1716 1995 1746 sunt
2038 1707 2135 1746 inde
2179 1722 2201 1746 a
2234 1706 2279 1747 Σ
2302 1721 2432 1763 usque
2473 1710 2523 1747 ad
2561 1709 2602 1748 X
2631 1711 2679 1748 ab
2711 1724 2796 1751 uno

708 1797 879 1829 auctore
918 1782 1134 1839 profectos
1170 1797 1261 1822 esse
1299 1782 1467 1836 judicat,
1508 1792 1547 1822 ct
1584 1797 1638 1822 ne
1677 1783 1771 1836 quis
1809 1782 1876 1822 hic
1922 1797 2089 1837 quoque
2132 1785 2294 1838 singula
2338 1786 2520 1825 carmina
2563 1787 2804 1841 distinguat,

710 1863 873 1904 disertis
906 1862 1037 1902 verbis
1068 1869 1211 1900 vetare
1243 1859 1411 1900 videtur
1438 1864 1501 1913 (p.
1532 1861 1598 1900 80.
1629 1861 1714 1909 84).
1773 1859 1901 1917 Quod
1931 1875 2056 1914 quum
2098 1875 2152 1901 ne
2180 1874 2259 1915 ego
2291 1862 2458 1916 quidem
2491 1863 2625 1902 facere
2660 1864 2805 1915 velim,

708 1941 906 1983 nonnulla
936 1948 1068 1979 tamen
1097 1936 1309 1986 indicabo,
1340 1937 1488 1991 quibus
1516 1936 1565 1976 ad
1592 1936 1809 1989 pristinam
1839 1936 1987 1976 horum
2018 1936 2225 1978 librorum
2254 1938 2443 1992 formam,
2481 1948 2524 1979 ut
2559 1940 2614 1977 ita
2649 1941 2805 1991 dicam,

711 2016 993 2069 divinandam,
1021 2014 1167 2070 aliquis
1194 2014 1255 2054 uti
1284 2014 1427 2068 possit.
1489 2013 1720 2054 Observavi
1750 2014 1858 2053 enim
1888 2014 2097 2065 nonnulla,
2126 2028 2231 2071 quae
2263 2015 2359 2054 mihi
2387 2016 2452 2056 hic
2483 2030 2667 2072 quoque,
2696 2018 2804 2057 sicut

711 2098 753 2135 in
781 2093 957 2150 reliquis
984 2092 1115 2140 libris,
1144 2091 1266 2146 plura
1295 2091 1473 2131 carmina
1503 2092 1553 2130 ab
1578 2091 1722 2145 aliquo
1755 2092 1995 2144 conjuncta,
2024 2108 2102 2132 non
2137 2106 2240 2135 vero
2279 2094 2417 2134 omnia
2458 2094 2510 2134 ab
2550 2110 2635 2136 uno
2683 2103 2805 2149 poeta

712 2175 821 2214 facta
853 2180 889 2212 et
922 2171 1125 2212 elaborata
1155 2182 1246 2210 esse
1276 2169 1537 2223 persuadent,

917 2248 1051 2293 Valde
1082 2247 1181 2288 mihi
1211 2262 1232 2287 a
1260 2247 1467 2287 bonorum
1499 2246 1714 2301 epicorum
1745 2256 1967 2301 poetarum
2001 2249 2088 2298 (vel
2117 2248 2259 2303 paullo
2290 2249 2461 2290 serioris
2499 2251 2661 2300 aetatis)
2695 2260 2807 2292 recta

714 2330 875 2371 ratione
908 2326 1101 2367 aberrare
1128 2325 1306 2375 videtur,
1335 2325 1369 2365 si
1400 2324 1493 2380 quis
1522 2325 1563 2364 in
1595 2325 1798 2366 narrando
1828 2325 2046 2380 negligens
2075 2334 2151 2378 est3
2192 2326 2236 2367 id
2265 2329 2402 2380 potius
2432 2329 2800 2370 accommodatum

716 2416 778 2448 est
814 2406 964 2461 epicae
1004 2416 1179 2459 poeseos
1213 2402 1359 2455 indoli,
1416 2410 1463 2443 ut
1520 2402 1645 2458 longa
1701 2401 1782 2443 fiat.
1853 2401 1898 2444 Σ
1929 2411 1970 2443 et
2016 2402 2057 2445 T
2094 2412 2234 2445 autem
2273 2404 2370 2445 libri
2429 2405 2702 2461 negligentiae
2767 2408 2810 2446 in

715 2483 926 2525 narrando
957 2481 1204 2522 commissae
1234 2480 1356 2521 valde
1384 2480 1595 2521 luculenta
1622 2478 1827 2534 praebent
1856 2481 2068 2535 exempla,
2115 2481 2157 2520 in
2192 2495 2241 2522 eo
2283 2482 2459 2522 maxime
2499 2483 2656 2537 posita,
2696 2484 2811 2539 quod

718 2576 846 2618 quum
892 2574 997 2601 nova
1032 2558 1166 2615 aliqua
1209 2571 1387 2613 persona
1419 2557 1658 2598 introducta
1697 2567 1779 2607 est,
1824 2572 1929 2613 quae
1978 2558 2135 2614 aliquid
2178 2559 2291 2600 dicat
2336 2558 2538 2611 faciatve‚
2580 2575 2703 2615 saepe
2754 2576 2813 2613 re,

716 2647 892 2694 propter
922 2650 1045 2693 quam
1076 2636 1204 2684 venit,
1234 2635 1435 2686 absoluta,
1465 2635 1578 2675 nulla
1608 2635 1784 2689 amplius
1814 2635 1942 2689 ipsius
1973 2636 2079 2677 ratio
2122 2636 2316 2687 habetur,
2355 2638 2426 2678 sed
2466 2653 2635 2693 prorsus
2686 2640 2814 2694 negli-

718 2716 832 2771 gitur
854 2730 875 2755 a
892 2722 1031 2768 poeta.
1090 2713 1161 2754 Sic
1178 2712 1316 2754 statim
1345 2712 1464 2753 initio
1495 2711 1540 2754 Σ
1563 2711 1659 2752 libri
1680 2712 1925 2753 Antilochus
1954 2713 2004 2753 ad
2024 2712 2228 2754 Achillem
2257 2715 2369 2755 venit
2400 2720 2461 2765 [v.
2491 2717 2666 2767 16.17);
2701 2732 2738 2756 v.
2759 2718 2812 2757 32

1181 2785 1434 2841 Ἀντίλοχος
1463 2788 1501 2830 δ’
1528 2787 1747 2847 ἑτέρωθεν
1778 2785 1958 2845 ὀδύρετο
1989 2786 2156 2847 δάκρυα
2185 2790 2342 2845 λείβων

720 2869 831 2926 apud
864 2868 1068 2911 Achillem
1099 2878 1171 2910 est.
1230 2868 1312 2909 Sed
1341 2877 1565 2924 postquam
1597 2869 1742 2909 Thetis
1772 2868 1823 2909 ad
1854 2868 2054 2910 Achillem
2098 2869 2222 2921 venit,
2258 2884 2340 2911 non
2381 2870 2559 2926 amplius
2600 2871 2814 2911 Antilochi

717 2949 875 2991 mentio
906 2947 964 2990 fit.
1031 2946 1235 3002 Ejusdem
1275 2961 1376 2989 vero
1419 2946 1604 3000 rationis,
1649 2961 1755 3003 quae
1795 2946 1893 2987 mihi
1939 2946 2107 3002 quidem
2153 2963 2299 3002 parum
2346 2951 2465 3004 epica
2498 2964 2589 2989 csse
2637 2949 2816 2997 videtur,

721 3027 867 3068 clarius
912 3026 1036 3067 etiam
1084 3026 1318 3079 exemplum
1358 3025 1552 3065 habemus
1583 3025 1699 3066 initio
1736 3024 1777 3065 T
1801 3024 1911 3064 libri.
