3084 3993
1525 241 1594 248 ,-
1735 214 1768 260 6
1908 241 1978 248 -

900 355 943 394 In
971 352 1051 396 hoc
1081 352 1246 408 proelio
1274 351 1507 395 Diomedes
1536 352 1629 408 ipse
1659 352 1876 411 Phegeum
1905 352 2074 410 quidem
2104 351 2323 407 interficit,
2358 352 2434 395 sed
2473 368 2602 410 quum
2641 354 2796 411 reliqui

697 434 960 475 Graecorum
990 430 1111 472 duces
1141 445 1226 472 non
1254 432 1390 484 minus
1420 430 1587 472 sortiter
1616 441 1819 488 pugnent,
1852 431 1997 487 quaeri
2024 443 2150 486 posse
2171 444 2339 481 censeo,
2366 445 2465 472 num
2494 431 2794 474 illaDiomedis

700 510 876 552 victoria
905 517 1023 550 tanto
1052 508 1169 550 hiatu
1197 510 1255 562 (v.
1290 511 1350 550 1-
1367 511 1416 559 8)
1447 509 1572 565 digna
1601 508 1686 551 sit?
1748 508 1958 565 Equidem
1985 522 2069 550 nou
2105 523 2275 564 possum
2315 508 2417 566 quin
2445 509 2684 551 universum
2712 509 2795 551 hoc

696 587 908 643 proelium
956 587 1139 627 alienum
1191 599 1388 628 censeam
1437 601 1459 627 a
1487 586 1708 628 Diomedis
1745 586 1939 637 aristeia3
1981 585 2025 626 id
2055 585 2172 642 quod
2210 586 2392 628 maxime
2420 599 2475 627 ex
2503 600 2589 627 uno
2615 586 2793 643 quodam

697 666 795 706 loco
826 664 1028 719 colligere
1073 678 1197 719 posse
1235 665 1336 704 mihi
1374 664 1535 707 videor.
1594 667 1682 707 Vv.
1710 666 1920 707 832-834
1962 663 2148 704 Minerva
2187 663 2384 704 Diomedi
2423 672 2583 717 narrat,
2620 665 2794 706 Martem

696 736 957 798 promisisse,
987 755 1031 782 se
1062 755 1146 783 non
1176 743 1386 798 Troianos
1424 742 1499 783 sed
1536 743 1721 784 Graecos
1761 743 1804 783 in
1841 742 1909 782 illa
1948 754 2088 796 pugna
2125 740 2362 795 adjuturum
2405 754 2510 784 esse.
2574 740 2662 801 Qui
2690 753 2794 782 vero

698 818 742 860 E
767 819 823 860 30
860 833 953 874 sqq.
993 819 1186 873 scripsit,
1226 818 1432 874 ejusmodi
1471 819 1721 873 promissum
1751 820 1921 860 omnino
1961 832 2046 859 non
2082 817 2211 858 novit.
2276 819 2352 859 Est
2389 831 2488 858 saue
2525 819 2630 858 mira
2667 817 2824 869 fictio‚‘

697 897 875 936 Martem
903 896 1075 936 Graecis
1093 894 1303 941 *auxilium
1333 894 1571 950 pollicitum
1610 908 1699 935 csse
1739 900 1928 949 (praeter
1964 893 2178 936 Diomedis
2222 894 2426 936 aristeiam
2466 896 2576 936 banc
2615 893 2798 935 fabulam

699 972 872 1013 Achillis
899 980 1061 1013 tantum
1091 971 1259 1013 exhibet
1293 971 1457 1011 aristeia
1494 970 1550 1011 Φ.
1580 972 1675 1013 413.
1705 972 1819 1022 414.)
1851 971 1926 1011 sed
1952 984 2003 1011 eo
2036 970 2173 1011 minus
2202 969 2294 1012 fieri
2322 971 2461 1025 potuit
2496 981 2541 1013 ut
2568 980 2689 1026 poeta
2720 970 2796 1026 qui

699 1049 742 1090 id
772 1058 843 1091 aut
870 1048 1097 1090 invenisset
1125 1055 1200 1089 aut
1225 1047 1471 1101 recepisset,
1500 1047 1588 1102 ipse
1619 1047 1707 1102 ejus
1737 1046 1889 1089 oblitus
1918 1055 2039 1090 esset.

902 1126 1034 1182 Magis
1071 1125 1289 1183 magisque
1336 1125 1468 1183 igitur
1511 1139 1562 1165 ex
1608 1125 1768 1182 ingenti
1805 1124 1880 1165 illo
1917 1124 2065 1181 quinto
2104 1125 2360 1166 Lachmanni
2399 1127 2582 1168 carmine
2628 1139 2794 1168 carmen

699 1206 857 1261 prodit,
885 1205 928 1244 in
958 1217 1042 1259 quo
1071 1212 1157 1244 tam
1173 1216 1371 1245 versuum
1403 1217 1600 1244 numerus
1621 1218 1745 1259 quam
1777 1212 2067 1258 argumentum
2096 1204 2226 1244 certis
2255 1204 2445 1245 terminis
2475 1205 2795 1259 circumscripta

701 1292 809 1324 sunt.
865 1282 1026 1322 Tribus
1056 1289 1198 1321 autem
1227 1282 1347 1335 locis,
1377 1281 1450 1336 qui
1480 1281 1529 1321 de
1558 1281 1643 1321 aliis
1672 1280 1873 1322 heroibus
1902 1281 2099 1335 agebant,
2135 1281 2183 1321 ab
2213 1276 2442 1337 ἀριστείας
2469 1290 2639 1324 auctore
2677 1281 2796 1336 abju-

700 1361 862 1408 dicatis,
894 1373 994 1398 num
1013 1357 1297 1398 dubitabimus
1319 1357 1519 1398 audacter
1547 1356 1675 1406 effari,
1703 1357 1873 1410 jamjam
1893 1356 2099 1409 sufficere,
2126 1358 2161 1398 si
2177 1359 2272 1414 quis
2295 1361 2414 1400 locus
2429 1360 2603 1399 aliorum
2630 1367 2795 1399 tantum

700 1438 889 1489 heroum,
919 1450 1002 1476 non
1032 1435 1252 1476 Diomedis
1280 1436 1541 1476 mentionem
1572 1435 1794 1483 contiueat,
1823 1434 1874 1473 ad
1906 1447 1977 1475 eos
2007 1448 2158 1475 versus
2187 1437 2483 1489 suppositicios
2514 1434 2795 1488 judicandos?

699 1516 794 1555 Huc
823 1512 917 1554 finis
949 1514 978 1554 l.
1009 1513 1062 1554 Δ.
1093 1511 1288 1567 pertinet,
1318 1524 1444 1567 quem
1476 1526 1498 1552 a
1528 1510 1747 1552 Diomedis
1781 1505 1987 1566 ἀριστείᾳ
2017 1510 2197 1552 alienum
2229 1526 2322 1553 esse
2359 1522 2475 1567 puto.
2550 1511 2796 1554 Simillimus

701 1606 799 1633 sane
829 1599 891 1632 est
920 1605 981 1639 ea,
1011 1605 1090 1645 qua
1119 1603 1187 1630 res
1229 1597 1361 1645 gestas
1391 1597 1531 1629 narrat
1570 1588 1730 1629 ratione
1771 1588 1918 1643 quinto
1957 1588 2091 1642 libro3
2119 1587 2205 1634 Ysed
2243 1589 2351 1630 haud
2390 1590 2479 1630 scio
2520 1605 2571 1630 an
2608 1590 2658 1630 iis
2695 1590 2797 1630 locis

702 1683 810 1725 quos
840 1669 890 1708 ab
922 1668 1222 1722 interpolatore
1238 1666 1399 1706 additos
1422 1680 1511 1706 esse
1527 1665 1818 1719 judicavimus,
1846 1665 2021 1706 similior
2051 1668 2172 1706 etiam
2201 1668 2253 1707 sit
2282 1682 2409 1722 quam
2424 1668 2608 1723 reliquis.
2650 1670 2795 1723 Neque

701 1761 802 1787 vero
832 1759 1010 1799 prorsus
1041 1744 1269 1788 absurdum
1300 1753 1416 1795 esset,
1460 1744 1494 1782 si
1534 1743 1624 1798 quis
1652 1757 1794 1785 omnes
1824 1743 1899 1783 hos
1929 1745 2047 1785 locos
2083 1758 2161 1798 pro
2201 1745 2448 1799 fragmentis
2485 1746 2605 1785 unius
2643 1745 2795 1786 veteris

701 1824 896 1863 carminis
926 1822 1113 1862 haberet.
1183 1822 1278 1860 Huc
1322 1821 1448 1874 igitur
1476 1821 1734 1872 pertinerent
1776 1822 1815 1860 Α
1850 1823 1931 1861 422
1960 1845 1989 1851 -
2020 1824 2120 1873 538,
2165 1822 2206 1862 E
2238 1825 2252 1861 l
2284 1845 2303 1853 -
2333 1825 2359 1863 8
2391 1823 2639 1871 [verisimile
2686 1823 2795 1862 enim

700 1910 772 1950 est,
802 1900 880 1941 hos
915 1914 1057 1940 versus
1087 1913 1233 1940 eorum
1253 1898 1327 1954 qui
1343 1906 1591 1953 sequuntur,
1622 1907 1779 1939 sortem
1801 1899 1951 1954 sequi),
1979 1899 2128 1939 deinde
2152 1901 2241 1940 fere
2272 1902 2481 1941 519-589
2510 1909 2550 1940 et
2578 1902 2797 1942 608-698.

700 1979 784 2019 Sed
810 1979 913 2018 haec
942 1977 1119 2017 minoris
1147 1977 1347 2017 momenti
1371 1984 1480 2016 sunt.

1717 2055 1795 2095 ΙΙΙ.

904 2134 1044 2186 Pergo
1077 2130 1128 2170 ad
1169 2144 1329 2171 carmen
1362 2140 1568 2170 sextum
1616 2131 1676 2180 (Ζ
1690 2133 1728 2171 2.
1753 2130 1970 2182 -H312.)
2013 2131 2126 2186 quod
2157 2144 2251 2170 cum
2284 2133 2432 2186 quinto
2462 2147 2556 2173 non.
2576 2133 2795 2173 cohaerere

700 2212 990 2251 Lachmannus
1019 2208 1177 2263 judicat
1208 2213 1272 2262 (p.
1302 2209 1402 2257 22).
1462 2208 1543 2248 Sed
1575 2208 1754 2262 primum
1785 2208 1905 2248 valde
1934 2208 2166 2249 mirandum
2197 2218 2277 2259 est,
2317 2211 2389 2265 qui
2422 2208 2495 2251 fiat
2538 2218 2584 2251 ut
2608 2211 2795 2251 Helenus

701 2291 928 2328 Hectorem
958 2287 999 2325 in
1031 2286 1178 2325 urbem
1208 2285 1342 2325 mittat
1375 2285 1424 2323 ad
1455 2287 1665 2325 Minervae
1713 2286 1911 2326 auxilium
1942 2286 2251 2339 implorandum
2291 2296 2436 2327 contra
2474 2287 2795 2330 Diomedem.

703 2365 916 2427 Quidnam
953 2364 994 2403 in
1025 2376 1161 2403 novo
1203 2363 1383 2402 carmine
1414 2377 1435 2401 a
1465 2362 1670 2404 Diomede
1707 2363 1864 2404 factum
1910 2372 1985 2414 est,
2027 2363 2142 2418 quod
2184 2373 2346 2405 tantum
2384 2374 2598 2406 terrorum.
2634 2367 2795 2408 Heleno

700 2443 836 2497 possit
864 2438 1062 2495 injicere?
1117 2438 1315 2480 Interficit
1344 2440 1522 2492 Axylum
1552 2449 1593 2479 et
1618 2441 1841 2490 calesium,
1872 2441 1946 2480 sed
1972 2442 2175 2493 Euryalus
2206 2450 2431 2496 quatuor
2457 2443 2596 2485 hostes
2626 2446 2795 2485 necavit

701 2528 745 2559 et
769 2517 1000 2558 Diomedes
1029 2529 1079 2555 ne
1110 2512 1339 2571 πρόμαχος
1367 2516 1535 2571 quidem
1566 2526 1641 2559 est.
1702 2518 1807 2558 Aiax
1837 2518 1946 2558 enim
1976 2517 2149 2573 πρῶτος

1180 2593 1342 2649 Τρώων
1371 2591 1470 2648 ῥῆξε
1500 2591 1725 2650 φάλαγγα,
1754 2590 1875 2649 φόως
1904 2594 1942 2636 δ’
1969 2592 2194 2651 ἑτάροισιν
2221 2595 2392 2651 ἔθηκεν.

700 2675 819 2714 Patet
858 2673 1006 2729 igitur,
1051 2672 1091 2711 in
1130 2686 1266 2713 novo
1304 2673 1489 2713 carmine
1529 2688 1599 2713 vv.
1632 2675 1770 2714 5-72
1810 2674 1866 2713 ita
1909 2673 2072 2714 initium
2112 2673 2254 2715 facere
2289 2689 2374 2716 non
2412 2690 2537 2729 posse
2571 2685 2617 2717 ut
2646 2678 2796 2717 Heleni

704 2752 841 2792 oratio
873 2759 1088 2805 sequatur3
1117 2750 1191 2790 sed
1221 2750 1273 2790 ad
1300 2750 1407 2791 hanc
1435 2751 1568 2804 ipsam
1600 2752 1832 2792 orationem
1863 2751 2172 2806 intelligendam
2204 2763 2243 2794 et
2279 2754 2378 2795 istos
2418 2768 2560 2794 versus
2598 2769 2648 2795 ex
2678 2756 2795 2796 initio

703 2844 831 2871 carm.
864 2830 929 2873 Vl.
965 2827 1172 2871 tollendos
1201 2839 1239 2869 et
1271 2828 1521 2869 censendum
1552 2843 1642 2870 esse
1673 2840 1743 2870 aut
1770 2830 1976 2870 interiisse
2007 2831 2231 2885 genuinum
2260 2832 2379 2886 hujus
2406 2833 2600 2873 carminis
2631 2835 2794 2874 initium

700 2930 756 2939 —
787 2920 873 2962 quo
905 2905 1103 2946 nimirum
1135 2904 1400 2946 admirabiles
1431 2915 1618 2947 narratae
1664 2918 1803 2948 essent
1835 2907 2050 2948 Diomedis
2090 2923 2251 2964 pugnae
2281 2934 2337 2942 -—
2367 2919 2437 2951 aut
2479 2911 2610 2952 simile
2649 2913 2794 2968 quinto
