<?xml version="1.0" encoding="UTF-8"?>
<!DOCTYPE html PUBLIC "-//W3C//DTD XHTML 1.0 Transitional//EN"
    "http://www.w3.org/TR/xhtml1/DTD/xhtml1-transitional.dtd">
<html xmlns="http://www.w3.org/1999/xhtml" xml:lang="en" lang="en">
 <head>
  <title>
</title>
<meta http-equiv="Content-Type" content="text/html;charset=utf-8" />
  <meta name='ocr-system' content='tesseract 3.04.00' />
  <meta name='ocr-capabilities' content='ocr_page ocr_carea ocr_par ocr_line ocrx_word'/>
</head>
<body>
  <div class='ocr_page' id='page_1' title='image "./4769656_0019.png"; bbox 0 0 2986 4114; ppageno 0'>
   <div class='ocr_carea' id='block_1_1' title="bbox 1099 305 1586 352">
    <p class='ocr_par' dir='ltr' id='par_1_1' title="bbox 1099 305 1586 352">
     <span class='ocr_line' id='line_1_1' title="bbox 1099 305 1586 352; baseline -0.002 -10"><span class='ocrx_word' id='word_1_1' title='bbox 1099 331 1168 342; x_wconf 86' lang='lat'><strong>..</strong></span> <span class='ocrx_word' id='word_1_2' title='bbox 1310 305 1372 352; x_wconf 92' lang='lat'><strong>11</strong></span> <span class='ocrx_word' id='word_1_3' title='bbox 1515 334 1586 341; x_wconf 82' lang='grc'><strong>-</strong></span> 
     </span>
    </p>
   </div>
   <div class='ocr_carea' id='block_1_2' title="bbox 297 443 2411 3053">
    <p class='ocr_par' dir='ltr' id='par_1_2' title="bbox 1103 443 1583 562">
     <span class='ocr_line' id='line_1_2' title="bbox 1312 443 1370 485; baseline 0 0"><span class='ocrx_word' id='word_1_4' title='bbox 1312 443 1370 485; x_wconf 85' lang='lat' dir='ltr'><strong>V.</strong></span> 
     </span>
     <span class='ocr_line' id='line_1_3' title="bbox 1103 518 1583 562; baseline 0.008 -6"><span class='ocrx_word' id='word_1_5' title='bbox 1103 519 1152 557; x_wconf 88' lang='lat'><strong>11.</strong></span> <span class='ocrx_word' id='word_1_6' title='bbox 1184 518 1228 560; x_wconf 84' lang='lat' dir='ltr'><em>A</em></span> <span class='ocrx_word' id='word_1_7' title='bbox 1261 520 1277 559; x_wconf 94' lang='lat' dir='ltr'>l</span> <span class='ocrx_word' id='word_1_8' title='bbox 1326 544 1379 550; x_wconf 95' lang='lat'><strong>—</strong></span> <span class='ocrx_word' id='word_1_9' title='bbox 1417 518 1458 562; x_wconf 91' lang='grc' dir='ltr'><strong>Ο</strong></span> <span class='ocrx_word' id='word_1_10' title='bbox 1489 522 1583 562; x_wconf 90' lang='grc'><strong>591.</strong></span> 
     </span>
    </p>

    <p class='ocr_par' dir='ltr' id='par_1_3' title="bbox 297 593 2390 965">
     <span class='ocr_line' id='line_1_4' title="bbox 499 593 2390 654; baseline 0.002 -16"><span class='ocrx_word' id='word_1_11' title='bbox 499 599 707 654; x_wconf 83' lang='lat' dir='ltr'><strong>Nusquam</strong></span> <span class='ocrx_word' id='word_1_12' title='bbox 734 593 822 636; x_wconf 83' lang='lat' dir='ltr'><strong>fere</strong></span> <span class='ocrx_word' id='word_1_13' title='bbox 850 594 1133 635; x_wconf 82' lang='lat' dir='ltr'><strong>Lachmannus</strong></span> <span class='ocrx_word' id='word_1_14' title='bbox 1160 608 1253 635; x_wconf 88' lang='lat' dir='ltr'><strong>eum</strong></span> <span class='ocrx_word' id='word_1_15' title='bbox 1281 596 1354 653; x_wconf 83' lang='lat' dir='ltr'><strong>qui</strong></span> <span class='ocrx_word' id='word_1_16' title='bbox 1381 611 1493 638; x_wconf 87' lang='lat' dir='ltr'><strong>nunc</strong></span> <span class='ocrx_word' id='word_1_17' title='bbox 1524 606 1587 639; x_wconf 90' lang='lat' dir='ltr'><strong>est</strong></span> <span class='ocrx_word' id='word_1_18' title='bbox 1617 611 1809 640; x_wconf 82' lang='lat' dir='ltr'><strong>versuum</strong></span> <span class='ocrx_word' id='word_1_19' title='bbox 1845 599 2028 639; x_wconf 84' lang='lat' dir='ltr'><strong>ordinem</strong></span> <span class='ocrx_word' id='word_1_20' title='bbox 2068 609 2222 642; x_wconf 81' lang='lat' dir='ltr'><strong>tantum</strong></span> <span class='ocrx_word' id='word_1_21' title='bbox 2250 601 2390 641; x_wconf 87' lang='lat' dir='ltr'><strong>immu-</strong></span> 
     </span>
     <span class='ocr_line' id='line_1_5' title="bbox 298 672 2389 736; baseline 0.002 -19"><span class='ocrx_word' id='word_1_22' title='bbox 298 678 411 728; x_wconf 79' lang='lat' dir='ltr'><strong>tavit,</strong></span> <span class='ocrx_word' id='word_1_23' title='bbox 442 687 633 734; x_wconf 83' lang='lat' dir='ltr'><strong>quantum</strong></span> <span class='ocrx_word' id='word_1_24' title='bbox 661 676 704 714; x_wconf 86' lang='lat' dir='ltr'><strong>in</strong></span> <span class='ocrx_word' id='word_1_25' title='bbox 733 674 783 713; x_wconf 84' lang='lat' dir='ltr'><strong>iis</strong></span> <span class='ocrx_word' id='word_1_26' title='bbox 808 674 923 713; x_wconf 86' lang='lat' dir='ltr'><strong>libris</strong></span> <span class='ocrx_word' id='word_1_27' title='bbox 954 672 1066 726; x_wconf 84' lang='lat' dir='ltr'><strong>fecit,</strong></span> <span class='ocrx_word' id='word_1_28' title='bbox 1111 674 1185 731; x_wconf 88' lang='lat' dir='ltr'><strong>qui</strong></span> <span class='ocrx_word' id='word_1_29' title='bbox 1213 675 1313 714; x_wconf 86' lang='lat' dir='ltr'><strong>inde</strong></span> <span class='ocrx_word' id='word_1_30' title='bbox 1341 691 1364 715; x_wconf 87' lang='lat' dir='ltr'><strong>a</strong></span> <span class='ocrx_word' id='word_1_31' title='bbox 1390 676 1434 717; x_wconf 90' lang='lat' dir='ltr'><em>A</em></span> <span class='ocrx_word' id='word_1_32' title='bbox 1471 679 1489 718; x_wconf 96' lang='lat' dir='ltr'>l</span> <span class='ocrx_word' id='word_1_33' title='bbox 1525 691 1657 733; x_wconf 87' lang='lat' dir='ltr'><strong>usque</strong></span> <span class='ocrx_word' id='word_1_34' title='bbox 1685 678 1737 718; x_wconf 84' lang='lat' dir='ltr'><strong>ad</strong></span> <span class='ocrx_word' id='word_1_35' title='bbox 1766 676 1808 719; x_wconf 92' lang='grc'>0</span> <span class='ocrx_word' id='word_1_36' title='bbox 1838 680 1915 719; x_wconf 90' lang='grc'><strong>591</strong></span> <span class='ocrx_word' id='word_1_37' title='bbox 1961 680 2169 736; x_wconf 83' lang='lat' dir='ltr'><strong>leguntur.</strong></span> <span class='ocrx_word' id='word_1_38' title='bbox 2228 681 2389 721; x_wconf 81' lang='lat' dir='ltr'><strong>Consti·</strong></span> 
     </span>
     <span class='ocr_line' id='line_1_6' title="bbox 299 752 2389 813; baseline 0 -15"><span class='ocrx_word' id='word_1_39' title='bbox 299 756 539 798; x_wconf 84' lang='lat' dir='ltr'><strong>tuit&#39;autem</strong></span> <span class='ocrx_word' id='word_1_40' title='bbox 569 754 755 810; x_wconf 81' lang='lat' dir='ltr'><strong>quinque</strong></span> <span class='ocrx_word' id='word_1_41' title='bbox 787 752 985 805; x_wconf 81' lang='lat' dir='ltr'><strong>carmina,</strong></span> <span class='ocrx_word' id='word_1_42' title='bbox 1022 753 1078 803; x_wconf 82' lang='lat' dir='ltr'><strong>X,</strong></span> <span class='ocrx_word' id='word_1_43' title='bbox 1104 754 1173 807; x_wconf 81' lang='lat' dir='ltr'><strong>xl,</strong></span> <span class='ocrx_word' id='word_1_44' title='bbox 1201 754 1284 805; x_wconf 80' lang='grc' dir='ltr'><strong>ΧΠ,</strong></span> <span class='ocrx_word' id='word_1_45' title='bbox 1312 755 1418 800; x_wconf 81' lang='lat' dir='ltr'><strong>xm,</strong></span> <span class='ocrx_word' id='word_1_46' title='bbox 1449 755 1562 806; x_wconf 84' lang='lat' dir='ltr'><strong>xlv,</strong></span> <span class='ocrx_word' id='word_1_47' title='bbox 1615 770 1737 811; x_wconf 80' lang='lat' dir='ltr'><strong>quam</strong></span> <span class='ocrx_word' id='word_1_48' title='bbox 1774 770 1858 797; x_wconf 84' lang='lat' dir='ltr'><strong>rem</strong></span> <span class='ocrx_word' id='word_1_49' title='bbox 1904 771 2029 813; x_wconf 85' lang='lat' dir='ltr'><strong>quum</strong></span> <span class='ocrx_word' id='word_1_50' title='bbox 2065 758 2108 797; x_wconf 88' lang='lat' dir='ltr'><strong>in</strong></span> <span class='ocrx_word' id='word_1_51' title='bbox 2152 759 2389 800; x_wconf 82' lang='lat' dir='ltr'><strong>universum</strong></span> 
     </span>
     <span class='ocr_line' id='line_1_7' title="bbox 297 829 2390 890; baseline 0 -15"><span class='ocrx_word' id='word_1_52' title='bbox 297 833 485 889; x_wconf 81' lang='lat' dir='ltr'>probem,</span> <span class='ocrx_word' id='word_1_53' title='bbox 513 829 712 872; x_wconf 86' lang='lat' dir='ltr'><strong>nonnulla</strong></span> <span class='ocrx_word' id='word_1_54' title='bbox 741 838 872 871; x_wconf 85' lang='lat' dir='ltr'><strong>tamen</strong></span> <span class='ocrx_word' id='word_1_55' title='bbox 903 837 997 869; x_wconf 89' lang='lat' dir='ltr'><strong>sunt</strong></span> <span class='ocrx_word' id='word_1_56' title='bbox 1036 829 1088 869; x_wconf 88' lang='lat' dir='ltr'><strong>de</strong></span> <span class='ocrx_word' id='word_1_57' title='bbox 1128 829 1276 884; x_wconf 81' lang='lat' dir='ltr'><strong>quibus</strong></span> <span class='ocrx_word' id='word_1_58' title='bbox 1314 831 1433 872; x_wconf 77' lang='lat' dir='ltr'><strong>aliter</strong></span> <span class='ocrx_word' id='word_1_59' title='bbox 1472 846 1589 888; x_wconf 82' lang='lat' dir='ltr'><strong>quam</strong></span> <span class='ocrx_word' id='word_1_60' title='bbox 1631 833 1915 875; x_wconf 76' lang='lat' dir='ltr'><strong>Lachmannus</strong></span> <span class='ocrx_word' id='word_1_61' title='bbox 1948 835 2069 888; x_wconf 77' lang='lat' dir='ltr'><strong>fecit,</strong></span> <span class='ocrx_word' id='word_1_62' title='bbox 2108 835 2390 890; x_wconf 79' lang='lat' dir='ltr'><strong>judicaverim.</strong></span> 
     </span>
     <span class='ocr_line' id='line_1_8' title="bbox 297 905 1403 965; baseline -0.005 -12"><span class='ocrx_word' id='word_1_63' title='bbox 297 914 359 953; x_wconf 85' lang='lat' dir='ltr'><strong>Ac</strong></span> <span class='ocrx_word' id='word_1_64' title='bbox 388 911 558 965; x_wconf 86' lang='lat' dir='ltr'><strong>primum</strong></span> <span class='ocrx_word' id='word_1_65' title='bbox 589 907 753 964; x_wconf 86' lang='lat' dir='ltr'><strong>quidem</strong></span> <span class='ocrx_word' id='word_1_66' title='bbox 784 905 835 947; x_wconf 85' lang='lat' dir='ltr'><strong>de</strong></span> <span class='ocrx_word' id='word_1_67' title='bbox 866 905 1023 946; x_wconf 87' lang='lat' dir='ltr'><strong>decimo</strong></span> <span class='ocrx_word' id='word_1_68' title='bbox 1054 906 1233 947; x_wconf 80' lang='lat' dir='ltr'><strong>carmine</strong></span> <span class='ocrx_word' id='word_1_69' title='bbox 1262 907 1403 954; x_wconf 80' lang='lat' dir='ltr'><strong>dicam.</strong></span> 
     </span>
    </p>

    <p class='ocr_par' dir='ltr' id='par_1_4' title="bbox 300 985 2394 1201">
     <span class='ocr_line' id='line_1_9' title="bbox 497 985 2392 1045; baseline 0.002 -14"><span class='ocrx_word' id='word_1_70' title='bbox 497 991 540 1040; x_wconf 88' lang='lat' dir='ltr'><strong>l)</strong></span> <span class='ocrx_word' id='word_1_71' title='bbox 568 988 729 1034; x_wconf 84' lang='lat' dir='ltr'><strong>Videor</strong></span> <span class='ocrx_word' id='word_1_72' title='bbox 757 996 887 1029; x_wconf 84' lang='lat' dir='ltr'><strong>autem</strong></span> <span class='ocrx_word' id='word_1_73' title='bbox 916 985 1014 1028; x_wconf 89' lang='lat' dir='ltr'><strong>mihi</strong></span> <span class='ocrx_word' id='word_1_74' title='bbox 1042 985 1199 1028; x_wconf 82' lang='lat' dir='ltr'><strong>docere</strong></span> <span class='ocrx_word' id='word_1_75' title='bbox 1226 1000 1365 1042; x_wconf 87' lang='lat' dir='ltr'><strong>posse,</strong></span> <span class='ocrx_word' id='word_1_76' title='bbox 1394 988 1691 1030; x_wconf 81' lang='lat' dir='ltr'><strong>Lachmannum</strong></span> <span class='ocrx_word' id='word_1_77' title='bbox 1719 1002 1772 1031; x_wconf 88' lang='lat' dir='ltr'><strong>eo</strong></span> <span class='ocrx_word' id='word_1_78' title='bbox 1800 990 1916 1045; x_wconf 84' lang='lat' dir='ltr'><strong>quod</strong></span> <span class='ocrx_word' id='word_1_79' title='bbox 1947 990 2194 1033; x_wconf 86' lang='lat' dir='ltr'><strong>decimum</strong></span> <span class='ocrx_word' id='word_1_80' title='bbox 2223 1004 2392 1042; x_wconf 84' lang='lat' dir='ltr'><strong>carmen,</strong></span> 
     </span>
     <span class='ocr_line' id='line_1_10' title="bbox 302 1065 2394 1123; baseline -0.001 -12"><span class='ocrx_word' id='word_1_81' title='bbox 302 1070 343 1111; x_wconf 97' lang='lat' dir='ltr'><em>A</em></span> <span class='ocrx_word' id='word_1_82' title='bbox 373 1070 452 1110; x_wconf 86' lang='lat'><strong>557</strong></span> <span class='ocrx_word' id='word_1_83' title='bbox 487 1069 773 1123; x_wconf 79' lang='lat' dir='ltr'><strong>interruptum,</strong></span> <span class='ocrx_word' id='word_1_84' title='bbox 799 1065 849 1110; x_wconf 79' lang='grc' dir='ltr'><em>Ξ</em></span> <span class='ocrx_word' id='word_1_85' title='bbox 872 1066 954 1107; x_wconf 79' lang='grc'><strong>402</strong></span> <span class='ocrx_word' id='word_1_86' title='bbox 985 1065 1081 1106; x_wconf 80' lang='lat' dir='ltr'><strong>satis</strong></span> <span class='ocrx_word' id='word_1_87' title='bbox 1129 1065 1348 1120; x_wconf 85' lang='lat' dir='ltr'><strong>ingeniose</strong></span> <span class='ocrx_word' id='word_1_88' title='bbox 1381 1066 1606 1116; x_wconf 82' lang='lat' dir='ltr'><strong>continuat,</strong></span> <span class='ocrx_word' id='word_1_89' title='bbox 1651 1079 1796 1107; x_wconf 83' lang='lat' dir='ltr'><strong>errare</strong></span> <span class='ocrx_word' id='word_1_90' title='bbox 1824 1077 1865 1108; x_wconf 93' lang='lat' dir='ltr'><strong>et</strong></span> <span class='ocrx_word' id='word_1_91' title='bbox 1895 1073 2059 1109; x_wconf 83' lang='lat' dir='ltr'><strong>carmen</strong></span> <span class='ocrx_word' id='word_1_92' title='bbox 2090 1067 2190 1108; x_wconf 86' lang='lat' dir='ltr'><strong>illud</strong></span> <span class='ocrx_word' id='word_1_93' title='bbox 2216 1069 2321 1109; x_wconf 78' lang='lat' dir='ltr'><strong>ultra</strong></span> <span class='ocrx_word' id='word_1_94' title='bbox 2351 1068 2394 1109; x_wconf 88' lang='lat' dir='ltr'><em>A</em></span> 
     </span>
     <span class='ocr_line' id='line_1_11' title="bbox 300 1141 2093 1201; baseline 0 -15"><span class='ocrx_word' id='word_1_95' title='bbox 300 1147 397 1187; x_wconf 83' lang='lat' dir='ltr'><strong>libri</strong></span> <span class='ocrx_word' id='word_1_96' title='bbox 426 1144 530 1187; x_wconf 85' lang='lat' dir='ltr'><strong>fines</strong></span> <span class='ocrx_word' id='word_1_97' title='bbox 560 1144 726 1185; x_wconf 86' lang='lat' dir='ltr'><strong>extendi</strong></span> <span class='ocrx_word' id='word_1_98' title='bbox 752 1157 837 1184; x_wconf 89' lang='lat' dir='ltr'><strong>non</strong></span> <span class='ocrx_word' id='word_1_99' title='bbox 867 1156 992 1197; x_wconf 89' lang='lat' dir='ltr'><strong>posse</strong></span> <span class='ocrx_word' id='word_1_100' title='bbox 1022 1141 1124 1195; x_wconf 85' lang='lat' dir='ltr'><strong>(vid.</strong></span> <span class='ocrx_word' id='word_1_101' title='bbox 1155 1141 1319 1183; x_wconf 83' lang='lat' dir='ltr'><strong>Lachm.</strong></span> <span class='ocrx_word' id='word_1_102' title='bbox 1350 1156 1389 1196; x_wconf 91' lang='lat' dir='ltr'><strong>p.</strong></span> <span class='ocrx_word' id='word_1_103' title='bbox 1421 1145 1515 1196; x_wconf 84' lang='grc'>41).</span> <span class='ocrx_word' id='word_1_104' title='bbox 1574 1145 1747 1201; x_wconf 80' lang='lat' dir='ltr'><strong>Legitur</strong></span> <span class='ocrx_word' id='word_1_105' title='bbox 1773 1146 1824 1191; x_wconf 77' lang='grc' dir='ltr'><em>Ξ</em></span> <span class='ocrx_word' id='word_1_106' title='bbox 1845 1147 1927 1188; x_wconf 80' lang='grc'><strong>409</strong></span> <span class='ocrx_word' id='word_1_107' title='bbox 1946 1170 1967 1178; x_wconf 88' lang='grc'><strong>-</strong></span> <span class='ocrx_word' id='word_1_108' title='bbox 1986 1148 2093 1191; x_wconf 74' lang='lat'>411:</span> 
     </span>
    </p>

    <p class='ocr_par' dir='ltr' id='par_1_5' title="bbox 770 1213 1968 1275">
     <span class='ocr_line' id='line_1_12' title="bbox 770 1213 1968 1275; baseline 0.003 -13"><span class='ocrx_word' id='word_1_109' title='bbox 770 1225 850 1262; x_wconf 78' lang='grc' dir='ltr'><strong>τὸν</strong></span> <span class='ocrx_word' id='word_1_110' title='bbox 877 1221 960 1273; x_wconf 78' lang='grc' dir='ltr'><strong>μὲν</strong></span> <span class='ocrx_word' id='word_1_111' title='bbox 988 1218 1129 1260; x_wconf 70' lang='grc' dir='ltr'><em>ἔπειτ’</em></span> <span class='ocrx_word' id='word_1_112' title='bbox 1155 1213 1355 1260; x_wconf 73' lang='grc' dir='ltr'><strong><em>ἀπιόντα</em></strong></span> <span class='ocrx_word' id='word_1_113' title='bbox 1381 1221 1515 1273; x_wconf 73' lang='grc' dir='ltr'><strong><em>μέγας</em></strong></span> <span class='ocrx_word' id='word_1_114' title='bbox 1549 1219 1829 1275; x_wconf 74' lang='grc' dir='ltr'><em>Τελαμώνιος</em></span> <span class='ocrx_word' id='word_1_115' title='bbox 1855 1224 1968 1271; x_wconf 81' lang='grc' dir='ltr'><strong><em>Αἴας</em></strong></span> 
     </span>
    </p>

    <p class='ocr_par' dir='ltr' id='par_1_6' title="bbox 771 1293 1914 1356">
     <span class='ocr_line' id='line_1_13' title="bbox 771 1293 1914 1356; baseline 0.003 -16"><span class='ocrx_word' id='word_1_116' title='bbox 771 1296 1011 1354; x_wconf 79' lang='grc' dir='ltr'><em>χερμαδίῳ,</em></span> <span class='ocrx_word' id='word_1_117' title='bbox 1041 1293 1099 1339; x_wconf 81' lang='grc' dir='ltr'><strong>τά</strong></span> <span class='ocrx_word' id='word_1_118' title='bbox 1128 1294 1186 1353; x_wconf 82' lang='grc' dir='ltr'><strong><em>ῥα</em></strong></span> <span class='ocrx_word' id='word_1_119' title='bbox 1214 1294 1382 1349; x_wconf 73' lang='grc' dir='ltr'><em>πολλά,</em></span> <span class='ocrx_word' id='word_1_120' title='bbox 1412 1295 1570 1342; x_wconf 76' lang='grc' dir='ltr'><strong><em>θοάων</em></strong></span> <span class='ocrx_word' id='word_1_121' title='bbox 1598 1299 1770 1354; x_wconf 70' lang='grc' dir='ltr'><strong><em>ἔχματα</em></strong></span> <span class='ocrx_word' id='word_1_122' title='bbox 1798 1302 1914 1356; x_wconf 81' lang='grc' dir='ltr'><strong><em>νηῶν</em></strong></span> 
     </span>
    </p>

    <p class='ocr_par' dir='ltr' id='par_1_7' title="bbox 303 1373 2401 2204">
     <span class='ocr_line' id='line_1_14' title="bbox 771 1373 1713 1434; baseline 0.001 -16"><span class='ocrx_word' id='word_1_123' title='bbox 771 1374 865 1434; x_wconf 79' lang='grc' dir='ltr'><strong>πὰρ</strong></span> <span class='ocrx_word' id='word_1_124' title='bbox 894 1379 1005 1419; x_wconf 80' lang='grc' dir='ltr'><em>ποσὶ</em></span> <span class='ocrx_word' id='word_1_125' title='bbox 1033 1375 1330 1432; x_wconf 75' lang='grc' dir='ltr'><strong><em>μαρναμένων</em></strong></span> <span class='ocrx_word' id='word_1_126' title='bbox 1357 1373 1604 1419; x_wconf 70' lang='grc' dir='ltr'><strong><em>ἐκυλίνδετο</em></strong></span> <span class='ocrx_word' id='word_1_127' title='bbox 1635 1387 1713 1419; x_wconf 84' lang='lat' dir='ltr'><strong>etc.</strong></span> 
     </span>
     <span class='ocr_line' id='line_1_15' title="bbox 303 1455 2396 1513; baseline -0.001 -15"><span class='ocrx_word' id='word_1_128' title='bbox 303 1458 455 1511; x_wconf 85' lang='lat' dir='ltr'><strong>Apud</strong></span> <span class='ocrx_word' id='word_1_129' title='bbox 488 1472 652 1498; x_wconf 87' lang='lat' dir='ltr'><strong>naves</strong></span> <span class='ocrx_word' id='word_1_130' title='bbox 683 1456 808 1511; x_wconf 83' lang='lat' dir='ltr'><strong>igitur</strong></span> <span class='ocrx_word' id='word_1_131' title='bbox 840 1457 989 1497; x_wconf 76' lang='lat' dir='ltr'><strong>Graeci</strong></span> <span class='ocrx_word' id='word_1_132' title='bbox 1020 1470 1108 1496; x_wconf 88' lang='lat' dir='ltr'><strong>cum</strong></span> <span class='ocrx_word' id='word_1_133' title='bbox 1129 1456 1322 1511; x_wconf 85' lang='lat' dir='ltr'><strong>Trojanis</strong></span> <span class='ocrx_word' id='word_1_134' title='bbox 1352 1467 1553 1511; x_wconf 83' lang='lat' dir='ltr'><strong>pugnant,</strong></span> <span class='ocrx_word' id='word_1_135' title='bbox 1583 1456 1637 1497; x_wconf 86' lang='lat' dir='ltr'><strong>ef.</strong></span> <span class='ocrx_word' id='word_1_136' title='bbox 1667 1457 1785 1498; x_wconf 81' lang='lat' dir='ltr'><strong>etiam</strong></span> <span class='ocrx_word' id='word_1_137' title='bbox 1816 1455 1858 1499; x_wconf 91' lang='grc' dir='ltr'>Ο</span> <span class='ocrx_word' id='word_1_138' title='bbox 1879 1458 1961 1499; x_wconf 77' lang='grc'><strong>248</strong></span> <span class='ocrx_word' id='word_1_139' title='bbox 1975 1467 2013 1498; x_wconf 82' lang='lat' dir='ltr'><strong>et</strong></span> <span class='ocrx_word' id='word_1_140' title='bbox 2031 1459 2110 1499; x_wconf 88' lang='grc'><strong>565</strong></span> <span class='ocrx_word' id='word_1_141' title='bbox 2129 1472 2222 1513; x_wconf 82' lang='lat' dir='ltr'><strong>sqq.</strong></span> <span class='ocrx_word' id='word_1_142' title='bbox 2254 1459 2396 1512; x_wconf 79' lang='lat' dir='ltr'><strong>Itaque</strong></span> 
     </span>
     <span class='ocr_line' id='line_1_16' title="bbox 304 1534 2398 1589; baseline -0.001 -13"><span class='ocrx_word' id='word_1_143' title='bbox 304 1549 475 1576; x_wconf 89' lang='lat' dir='ltr'><strong>necesse</strong></span> <span class='ocrx_word' id='word_1_144' title='bbox 504 1544 578 1588; x_wconf 78' lang='lat' dir='ltr'><strong>est,</strong></span> <span class='ocrx_word' id='word_1_145' title='bbox 603 1543 650 1574; x_wconf 90' lang='lat' dir='ltr'><strong>ut</strong></span> <span class='ocrx_word' id='word_1_146' title='bbox 678 1534 720 1573; x_wconf 91' lang='lat' dir='ltr'><strong>in</strong></span> <span class='ocrx_word' id='word_1_147' title='bbox 751 1547 798 1573; x_wconf 75' lang='lat' dir='ltr'><strong>ea</strong></span> <span class='ocrx_word' id='word_1_148' title='bbox 830 1546 1001 1588; x_wconf 86' lang='lat' dir='ltr'><strong>quoque</strong></span> <span class='ocrx_word' id='word_1_149' title='bbox 1032 1545 1151 1573; x_wconf 87' lang='lat' dir='ltr'><strong>carm.</strong></span> <span class='ocrx_word' id='word_1_150' title='bbox 1184 1534 1224 1572; x_wconf 87' lang='lat' dir='ltr'>X</span> <span class='ocrx_word' id='word_1_151' title='bbox 1255 1543 1374 1587; x_wconf 84' lang='lat' dir='ltr'><strong>parte</strong></span> <span class='ocrx_word' id='word_1_152' title='bbox 1406 1547 1510 1588; x_wconf 85' lang='lat' dir='ltr'><strong>quae</strong></span> <span class='ocrx_word' id='word_1_153' title='bbox 1539 1535 1581 1574; x_wconf 90' lang='lat' dir='ltr'><strong>in</strong></span> <span class='ocrx_word' id='word_1_154' title='bbox 1607 1534 1713 1575; x_wconf 82' lang='lat' dir='ltr'><strong>libro</strong></span> <span class='ocrx_word' id='word_1_155' title='bbox 1749 1534 1790 1576; x_wconf 90' lang='lat' dir='ltr'><em>A</em></span> <span class='ocrx_word' id='word_1_156' title='bbox 1822 1535 2040 1589; x_wconf 79' lang='lat' dir='ltr'><strong>reperitur,</strong></span> <span class='ocrx_word' id='word_1_157' title='bbox 2072 1535 2208 1589; x_wconf 89' lang='lat' dir='ltr'><strong>apud</strong></span> <span class='ocrx_word' id='word_1_158' title='bbox 2237 1547 2398 1576; x_wconf 82' lang='lat' dir='ltr'><strong>naves</strong></span> 
     </span>
     <span class='ocr_line' id='line_1_17' title="bbox 305 1608 2399 1664; baseline 0.001 -14"><span class='ocrx_word' id='word_1_159' title='bbox 305 1611 456 1650; x_wconf 83' lang='lat' dir='ltr'><strong>Graeci</strong></span> <span class='ocrx_word' id='word_1_160' title='bbox 484 1619 696 1664; x_wconf 82' lang='lat' dir='ltr'><strong>pugnent3</strong></span> <span class='ocrx_word' id='word_1_161' title='bbox 739 1624 825 1649; x_wconf 85' lang='lat' dir='ltr'><strong>nam</strong></span> <span class='ocrx_word' id='word_1_162' title='bbox 857 1610 964 1649; x_wconf 84' lang='lat' dir='ltr'><strong>inter</strong></span> <span class='ocrx_word' id='word_1_163' title='bbox 992 1609 1034 1650; x_wconf 91' lang='lat' dir='ltr'><em>A</em></span> <span class='ocrx_word' id='word_1_164' title='bbox 1065 1612 1143 1650; x_wconf 85' lang='lat'><strong>557</strong></span> <span class='ocrx_word' id='word_1_165' title='bbox 1175 1620 1216 1649; x_wconf 87' lang='lat' dir='ltr'><strong>et</strong></span> <span class='ocrx_word' id='word_1_166' title='bbox 1243 1608 1294 1652; x_wconf 77' lang='grc' dir='ltr'><em>Ξ</em></span> <span class='ocrx_word' id='word_1_167' title='bbox 1317 1610 1397 1650; x_wconf 73' lang='grc'><strong>409</strong></span> <span class='ocrx_word' id='word_1_168' title='bbox 1443 1609 1542 1649; x_wconf 83' lang='lat' dir='ltr'><strong>nihil</strong></span> <span class='ocrx_word' id='word_1_169' title='bbox 1573 1620 1634 1650; x_wconf 82' lang='lat' dir='ltr'><strong>est</strong></span> <span class='ocrx_word' id='word_1_170' title='bbox 1664 1611 1704 1651; x_wconf 88' lang='lat' dir='ltr'><strong>t&#39;n</strong></span> <span class='ocrx_word' id='word_1_171' title='bbox 1735 1624 1858 1653; x_wconf 81' lang='lat' dir='ltr'><strong>carm.</strong></span> <span class='ocrx_word' id='word_1_172' title='bbox 1886 1612 1926 1650; x_wconf 81' lang='lat' dir='ltr'>X</span> <span class='ocrx_word' id='word_1_173' title='bbox 1959 1611 2037 1650; x_wconf 84' lang='lat' dir='ltr'><strong>nisi</strong></span> <span class='ocrx_word' id='word_1_174' title='bbox 2078 1610 2128 1654; x_wconf 78' lang='grc' dir='ltr'><em>Ξ</em></span> <span class='ocrx_word' id='word_1_175' title='bbox 2150 1611 2232 1652; x_wconf 75' lang='grc'><strong>402</strong></span> <span class='ocrx_word' id='word_1_176' title='bbox 2251 1611 2399 1663; x_wconf 74' lang='lat'><strong>-4083</strong></span> 
     </span>
     <span class='ocr_line' id='line_1_18' title="bbox 305 1685 2401 1741; baseline 0 -15"><span class='ocrx_word' id='word_1_177' title='bbox 305 1688 373 1727; x_wconf 84' lang='lat' dir='ltr'><strong>hic</strong></span> <span class='ocrx_word' id='word_1_178' title='bbox 397 1701 500 1727; x_wconf 81' lang='lat' dir='ltr'><strong>vero</strong></span> <span class='ocrx_word' id='word_1_179' title='bbox 521 1688 674 1726; x_wconf 83' lang='lat' dir='ltr'><strong>Graeci</strong></span> <span class='ocrx_word' id='word_1_180' title='bbox 704 1687 751 1726; x_wconf 83' lang='lat' dir='ltr'><strong>ad</strong></span> <span class='ocrx_word' id='word_1_181' title='bbox 778 1700 904 1727; x_wconf 84' lang='lat' dir='ltr'><strong>naves</strong></span> <span class='ocrx_word' id='word_1_182' title='bbox 933 1687 1152 1726; x_wconf 84' lang='lat' dir='ltr'><strong>cessisse</strong></span> <span class='ocrx_word' id='word_1_183' title='bbox 1182 1700 1267 1725; x_wconf 88' lang='lat' dir='ltr'><strong>non</strong></span> <span class='ocrx_word' id='word_1_184' title='bbox 1285 1685 1497 1726; x_wconf 76' lang='lat' dir='ltr'><strong>dicuntur.</strong></span> <span class='ocrx_word' id='word_1_185' title='bbox 1543 1689 1597 1726; x_wconf 85' lang='lat' dir='ltr'><strong>At</strong></span> <span class='ocrx_word' id='word_1_186' title='bbox 1628 1687 1670 1726; x_wconf 92' lang='lat' dir='ltr'><strong>id</strong></span> <span class='ocrx_word' id='word_1_187' title='bbox 1689 1685 1782 1726; x_wconf 85' lang='lat' dir='ltr'><strong>fieri</strong></span> <span class='ocrx_word' id='word_1_188' title='bbox 1805 1687 1920 1728; x_wconf 87' lang='lat' dir='ltr'><strong>nullo</strong></span> <span class='ocrx_word' id='word_1_189' title='bbox 1938 1687 2058 1728; x_wconf 90' lang='lat' dir='ltr'><strong>modo</strong></span> <span class='ocrx_word' id='word_1_190' title='bbox 2077 1697 2226 1741; x_wconf 86' lang='lat' dir='ltr'><strong>potest.</strong></span> <span class='ocrx_word' id='word_1_191' title='bbox 2253 1687 2350 1727; x_wconf 85' lang='lat' dir='ltr'><strong>Inde</strong></span> <span class='ocrx_word' id='word_1_192' title='bbox 2378 1702 2401 1727; x_wconf 86' lang='lat' dir='ltr'><strong>a</strong></span> 
     </span>
     <span class='ocr_line' id='line_1_19' title="bbox 307 1763 2400 1820; baseline -0.001 -15"><span class='ocrx_word' id='word_1_193' title='bbox 307 1766 349 1805; x_wconf 82' lang='lat' dir='ltr'><em>A</em></span> <span class='ocrx_word' id='word_1_194' title='bbox 377 1767 431 1805; x_wconf 83' lang='grc'><strong>48</strong></span> <span class='ocrx_word' id='word_1_195' title='bbox 461 1765 622 1812; x_wconf 84' lang='lat' dir='ltr'><strong>Graeci,</strong></span> <span class='ocrx_word' id='word_1_196' title='bbox 669 1765 778 1803; x_wconf 85' lang='lat' dir='ltr'><strong>fossa</strong></span> <span class='ocrx_word' id='word_1_197' title='bbox 804 1763 983 1817; x_wconf 74' lang='lat' dir='ltr'><strong>trajecta,</strong></span> <span class='ocrx_word' id='word_1_198' title='bbox 1011 1763 1053 1802; x_wconf 91' lang='lat' dir='ltr'><strong>in</strong></span> <span class='ocrx_word' id='word_1_199' title='bbox 1082 1771 1227 1816; x_wconf 79' lang='lat' dir='ltr'><strong>aperto</strong></span> <span class='ocrx_word' id='word_1_200' title='bbox 1246 1776 1387 1817; x_wconf 84' lang='lat' dir='ltr'><strong>campo</strong></span> <span class='ocrx_word' id='word_1_201' title='bbox 1407 1778 1585 1818; x_wconf 85' lang='lat' dir='ltr'><strong>pugnam</strong></span> <span class='ocrx_word' id='word_1_202' title='bbox 1607 1764 1873 1816; x_wconf 80' lang='lat' dir='ltr'><strong>committunt,</strong></span> <span class='ocrx_word' id='word_1_203' title='bbox 1900 1779 2035 1820; x_wconf 90' lang='lat' dir='ltr'><strong>neque</strong></span> <span class='ocrx_word' id='word_1_204' title='bbox 2063 1779 2232 1820; x_wconf 80' lang='lat' dir='ltr'><strong>usquam</strong></span> <span class='ocrx_word' id='word_1_205' title='bbox 2247 1764 2400 1805; x_wconf 76' lang='lat' dir='ltr'><strong>dictum</strong></span> 
     </span>
     <span class='ocr_line' id='line_1_20' title="bbox 309 1839 2399 1896; baseline -0 -16"><span class='ocrx_word' id='word_1_206' title='bbox 309 1855 397 1880; x_wconf 72' lang='lat' dir='ltr'><strong>esse</strong></span> <span class='ocrx_word' id='word_1_207' title='bbox 427 1841 597 1894; x_wconf 82' lang='lat' dir='ltr'><strong>reperio</strong></span> <span class='ocrx_word' id='word_1_208' title='bbox 628 1854 697 1880; x_wconf 89' lang='lat' dir='ltr'><strong>eos</strong></span> <span class='ocrx_word' id='word_1_209' title='bbox 727 1854 862 1894; x_wconf 75' lang='lat' dir='ltr'><strong>usque</strong></span> <span class='ocrx_word' id='word_1_210' title='bbox 892 1840 941 1879; x_wconf 82' lang='lat' dir='ltr'><strong>ad</strong></span> <span class='ocrx_word' id='word_1_211' title='bbox 973 1853 1098 1879; x_wconf 86' lang='lat' dir='ltr'><strong>naves</strong></span> <span class='ocrx_word' id='word_1_212' title='bbox 1129 1849 1243 1880; x_wconf 82' lang='lat' dir='ltr'><strong>retro</strong></span> <span class='ocrx_word' id='word_1_213' title='bbox 1275 1839 1446 1894; x_wconf 83' lang='lat' dir='ltr'><strong>fugisse.</strong></span> <span class='ocrx_word' id='word_1_214' title='bbox 1506 1839 1669 1896; x_wconf 85' lang='lat' dir='ltr'><strong>Quodsi</strong></span> <span class='ocrx_word' id='word_1_215' title='bbox 1706 1854 1810 1880; x_wconf 79' lang='lat' dir='ltr'><strong>vero</strong></span> <span class='ocrx_word' id='word_1_216' title='bbox 1851 1841 1892 1881; x_wconf 90' lang='lat' dir='ltr'><em>A</em></span> <span class='ocrx_word' id='word_1_217' title='bbox 1923 1842 2001 1881; x_wconf 83' lang='lat'><strong>557</strong></span> <span class='ocrx_word' id='word_1_218' title='bbox 2030 1841 2133 1894; x_wconf 81' lang='lat' dir='ltr'><strong>Ajax</strong></span> <span class='ocrx_word' id='word_1_219' title='bbox 2177 1856 2259 1882; x_wconf 88' lang='lat' dir='ltr'><strong>non</strong></span> <span class='ocrx_word' id='word_1_220' title='bbox 2289 1840 2399 1893; x_wconf 83' lang='lat' dir='ltr'><strong>apud</strong></span> 
     </span>
     <span class='ocr_line' id='line_1_21' title="bbox 310 1916 2398 1973; baseline -0 -16"><span class='ocrx_word' id='word_1_221' title='bbox 310 1933 430 1959; x_wconf 81' lang='lat' dir='ltr'><strong>naves</strong></span> <span class='ocrx_word' id='word_1_222' title='bbox 458 1930 630 1972; x_wconf 80' lang='lat' dir='ltr'><strong>pugnat,</strong></span> <span class='ocrx_word' id='word_1_223' title='bbox 660 1917 752 1958; x_wconf 84' lang='lat' dir='ltr'><strong>fieri</strong></span> <span class='ocrx_word' id='word_1_224' title='bbox 781 1932 865 1957; x_wconf 90' lang='lat' dir='ltr'><strong>non</strong></span> <span class='ocrx_word' id='word_1_225' title='bbox 894 1928 1045 1971; x_wconf 83' lang='lat' dir='ltr'><strong>potest,</strong></span> <span class='ocrx_word' id='word_1_226' title='bbox 1090 1927 1134 1956; x_wconf 90' lang='lat' dir='ltr'><strong>ut</strong></span> <span class='ocrx_word' id='word_1_227' title='bbox 1160 1916 1211 1959; x_wconf 85' lang='grc' dir='ltr'><em>Ξ</em></span> <span class='ocrx_word' id='word_1_228' title='bbox 1231 1918 1313 1957; x_wconf 73' lang='lat'><strong>402</strong></span> <span class='ocrx_word' id='word_1_229' title='bbox 1345 1932 1436 1973; x_wconf 86' lang='lat' dir='ltr'><strong>sqq.</strong></span> <span class='ocrx_word' id='word_1_230' title='bbox 1474 1917 1524 1956; x_wconf 84' lang='lat' dir='ltr'><strong>ad</strong></span> <span class='ocrx_word' id='word_1_231' title='bbox 1559 1917 1660 1958; x_wconf 84' lang='lat' dir='ltr'><strong>idem</strong></span> <span class='ocrx_word' id='word_1_232' title='bbox 1703 1931 1862 1957; x_wconf 74' lang='lat' dir='ltr'><strong>carmen</strong></span> <span class='ocrx_word' id='word_1_233' title='bbox 1893 1918 2112 1971; x_wconf 79' lang='lat' dir='ltr'><strong>pertineat.</strong></span> <span class='ocrx_word' id='word_1_234' title='bbox 2172 1921 2225 1959; x_wconf 85' lang='lat' dir='ltr'><strong>Et</strong></span> <span class='ocrx_word' id='word_1_235' title='bbox 2255 1918 2398 1973; x_wconf 89' lang='lat' dir='ltr'><strong>quidni</strong></span> 
     </span>
     <span class='ocr_line' id='line_1_22' title="bbox 306 1994 2397 2050; baseline -0 -14"><span class='ocrx_word' id='word_1_236' title='bbox 306 1999 575 2037; x_wconf 86' lang='lat' dir='ltr'><strong>Hermannum</strong></span> <span class='ocrx_word' id='word_1_237' title='bbox 607 1997 750 2050; x_wconf 77' lang='lat' dir='ltr'><strong>secuti,</strong></span> <span class='ocrx_word' id='word_1_238' title='bbox 794 2010 951 2036; x_wconf 80' lang='lat' dir='ltr'><strong>carmen</strong></span> <span class='ocrx_word' id='word_1_239' title='bbox 982 1996 1083 2035; x_wconf 76' lang='lat' dir='ltr'><strong>illud</strong></span> <span class='ocrx_word' id='word_1_240' title='bbox 1123 1995 1165 2036; x_wconf 80' lang='lat' dir='ltr'><em>A</em></span> <span class='ocrx_word' id='word_1_241' title='bbox 1193 1995 1289 2034; x_wconf 77' lang='lat' dir='ltr'><strong>libri</strong></span> <span class='ocrx_word' id='word_1_242' title='bbox 1319 1994 1421 2034; x_wconf 82' lang='lat' dir='ltr'><strong>fines</strong></span> <span class='ocrx_word' id='word_1_243' title='bbox 1453 2009 1535 2034; x_wconf 86' lang='lat' dir='ltr'><strong>non</strong></span> <span class='ocrx_word' id='word_1_244' title='bbox 1567 1995 1769 2035; x_wconf 82' lang='lat' dir='ltr'><strong>excedere</strong></span> <span class='ocrx_word' id='word_1_245' title='bbox 1800 1994 2098 2049; x_wconf 69' lang='lat' dir='ltr'><strong>judicabimus?</strong></span> <span class='ocrx_word' id='word_1_246' title='bbox 2155 1996 2239 2034; x_wconf 89' lang='lat' dir='ltr'><strong>Eae</strong></span> <span class='ocrx_word' id='word_1_247' title='bbox 2267 2005 2397 2036; x_wconf 84' lang='lat' dir='ltr'><strong>autem</strong></span> 
     </span>
     <span class='ocr_line' id='line_1_23' title="bbox 309 2070 2399 2127; baseline -0.001 -15"><span class='ocrx_word' id='word_1_248' title='bbox 309 2073 493 2112; x_wconf 80' lang='lat' dir='ltr'><strong>carminis</strong></span> <span class='ocrx_word' id='word_1_249' title='bbox 524 2073 668 2113; x_wconf 86' lang='lat' dir='ltr'><strong>decimi</strong></span> <span class='ocrx_word' id='word_1_250' title='bbox 698 2083 834 2127; x_wconf 81' lang='lat' dir='ltr'><strong>partes</strong></span> <span class='ocrx_word' id='word_1_251' title='bbox 864 2087 973 2127; x_wconf 87' lang='lat' dir='ltr'><strong>quae</strong></span> <span class='ocrx_word' id='word_1_252' title='bbox 1005 2073 1053 2111; x_wconf 82' lang='lat' dir='ltr'><strong>ad</strong></span> <span class='ocrx_word' id='word_1_253' title='bbox 1083 2072 1165 2112; x_wconf 91' lang='lat' dir='ltr'><strong>hoc</strong></span> <span class='ocrx_word' id='word_1_254' title='bbox 1195 2082 1357 2111; x_wconf 80' lang='lat' dir='ltr'><strong>carmen</strong></span> <span class='ocrx_word' id='word_1_255' title='bbox 1388 2071 1601 2123; x_wconf 74' lang='lat' dir='ltr'><strong>pertinere</strong></span> <span class='ocrx_word' id='word_1_256' title='bbox 1631 2083 1715 2109; x_wconf 84' lang='lat' dir='ltr'><strong>non</strong></span> <span class='ocrx_word' id='word_1_257' title='bbox 1734 2079 1922 2123; x_wconf 83' lang='lat' dir='ltr'><strong>possunt,</strong></span> <span class='ocrx_word' id='word_1_258' title='bbox 1951 2071 2000 2107; x_wconf 87' lang='lat' dir='ltr'><strong>ad</strong></span> <span class='ocrx_word' id='word_1_259' title='bbox 2027 2070 2399 2112; x_wconf 82' lang='lat' dir='ltr'><strong>decimumtertium</strong></span> 
     </span>
     <span class='ocr_line' id='line_1_24' title="bbox 310 2147 1660 2204; baseline -0.002 -15"><span class='ocrx_word' id='word_1_260' title='bbox 310 2162 473 2190; x_wconf 77' lang='lat' dir='ltr'><strong>carmen</strong></span> <span class='ocrx_word' id='word_1_261' title='bbox 505 2150 781 2204; x_wconf 74' lang='lat' dir='ltr'><strong>pertinebunt,</strong></span> <span class='ocrx_word' id='word_1_262' title='bbox 811 2156 859 2191; x_wconf 82' lang='lat' dir='ltr'><strong>de</strong></span> <span class='ocrx_word' id='word_1_263' title='bbox 888 2164 970 2204; x_wconf 90' lang='lat' dir='ltr'><strong>qua</strong></span> <span class='ocrx_word' id='word_1_264' title='bbox 1002 2164 1048 2189; x_wconf 71' lang='lat' dir='ltr'><strong>re</strong></span> <span class='ocrx_word' id='word_1_265' title='bbox 1078 2162 1170 2189; x_wconf 84' lang='lat' dir='ltr'><strong>mox</strong></span> <span class='ocrx_word' id='word_1_266' title='bbox 1202 2148 1320 2202; x_wconf 79' lang='lat' dir='ltr'><strong>plura</strong></span> <span class='ocrx_word' id='word_1_267' title='bbox 1351 2147 1536 2188; x_wconf 75' lang='lat' dir='ltr'><strong>dicturus</strong></span> <span class='ocrx_word' id='word_1_268' title='bbox 1564 2160 1660 2187; x_wconf 87' lang='lat' dir='ltr'><strong>sum.</strong></span> 
     </span>
    </p>

    <p class='ocr_par' dir='ltr' id='par_1_8' title="bbox 487 2224 2403 2281">
     <span class='ocr_line' id='line_1_25' title="bbox 487 2224 2403 2281; baseline 0.001 -13"><span class='ocrx_word' id='word_1_269' title='bbox 487 2225 558 2277; x_wconf 58' lang='grc' dir='ltr'><strong>&gt;ΕΞ)</strong></span> <span class='ocrx_word' id='word_1_270' title='bbox 587 2230 672 2267; x_wconf 80' lang='lat' dir='ltr'><strong>Jam</strong></span> <span class='ocrx_word' id='word_1_271' title='bbox 704 2227 754 2267; x_wconf 81' lang='lat' dir='ltr'><strong>ad</strong></span> <span class='ocrx_word' id='word_1_272' title='bbox 787 2227 1128 2267; x_wconf 86' lang='lat' dir='ltr'><strong>undecimum</strong></span> <span class='ocrx_word' id='word_1_273' title='bbox 1160 2239 1321 2266; x_wconf 79' lang='lat' dir='ltr'><strong>carmen</strong></span> <span class='ocrx_word' id='word_1_274' title='bbox 1352 2238 1497 2280; x_wconf 81' lang='lat' dir='ltr'><strong>pergo,</strong></span> <span class='ocrx_word' id='word_1_275' title='bbox 1528 2224 1581 2265; x_wconf 76' lang='lat' dir='ltr'><strong>de</strong></span> <span class='ocrx_word' id='word_1_276' title='bbox 1612 2238 1698 2279; x_wconf 89' lang='lat' dir='ltr'><strong>quo</strong></span> <span class='ocrx_word' id='word_1_277' title='bbox 1723 2225 2126 2280; x_wconf 75' lang='lat' dir='ltr'><strong>quael.achma1111us</strong></span> <span class='ocrx_word' id='word_1_278' title='bbox 2155 2229 2403 2281; x_wconf 55' lang='lat' dir='ltr'><strong>(pff-47)</strong></span> 
     </span>
    </p>

    <p class='ocr_par' dir='ltr' id='par_1_9' title="bbox 312 2301 2411 3053">
     <span class='ocr_line' id='line_1_26' title="bbox 312 2301 2403 2359; baseline -0.002 -12"><span class='ocrx_word' id='word_1_279' title='bbox 312 2308 425 2355; x_wconf 73' lang='lat' dir='ltr'><strong>dicit.</strong></span> <span class='ocrx_word' id='word_1_280' title='bbox 457 2321 515 2346; x_wconf 83' lang='lat' dir='ltr'><strong>me</strong></span> <span class='ocrx_word' id='word_1_281' title='bbox 546 2305 727 2359; x_wconf 81' lang='lat' dir='ltr'><strong>probare</strong></span> <span class='ocrx_word' id='word_1_282' title='bbox 758 2319 843 2345; x_wconf 85' lang='lat' dir='ltr'><strong>non</strong></span> <span class='ocrx_word' id='word_1_283' title='bbox 875 2318 996 2357; x_wconf 77' lang='lat' dir='ltr'><strong>posse</strong></span> <span class='ocrx_word' id='word_1_284' title='bbox 1025 2305 1171 2343; x_wconf 68' lang='lat' dir='ltr'><strong>fatcor.</strong></span> <span class='ocrx_word' id='word_1_285' title='bbox 1229 2302 1357 2359; x_wconf 80' lang='lat' dir='ltr'><strong>Quod</strong></span> <span class='ocrx_word' id='word_1_286' title='bbox 1388 2302 1488 2342; x_wconf 88' lang='lat' dir='ltr'><strong>enim</strong></span> <span class='ocrx_word' id='word_1_287' title='bbox 1518 2302 1689 2356; x_wconf 80' lang='lat' dir='ltr'><strong>primum</strong></span> <span class='ocrx_word' id='word_1_288' title='bbox 1719 2301 1838 2342; x_wconf 76' lang='lat' dir='ltr'><strong>affert</strong></span> <span class='ocrx_word' id='word_1_289' title='bbox 1869 2303 1910 2341; x_wconf 88' lang='lat' dir='ltr'><strong>in</strong></span> <span class='ocrx_word' id='word_1_290' title='bbox 1932 2301 2013 2342; x_wconf 90' lang='lat' dir='ltr'><strong>hoc</strong></span> <span class='ocrx_word' id='word_1_291' title='bbox 2040 2303 2215 2345; x_wconf 79' lang='lat' dir='ltr'><strong>carmine</strong></span> <span class='ocrx_word' id='word_1_292' title='bbox 2245 2314 2403 2358; x_wconf 81' lang='lat' dir='ltr'><strong>portam</strong></span> 
     </span>
     <span class='ocr_line' id='line_1_27' title="bbox 313 2378 2405 2435; baseline -0.001 -13"><span class='ocrx_word' id='word_1_293' title='bbox 313 2384 412 2422; x_wconf 88' lang='lat' dir='ltr'><strong>male</strong></span> <span class='ocrx_word' id='word_1_294' title='bbox 444 2383 484 2421; x_wconf 88' lang='lat' dir='ltr'><strong>in</strong></span> <span class='ocrx_word' id='word_1_295' title='bbox 516 2380 678 2420; x_wconf 81' lang='lat' dir='ltr'><strong>sinistra</strong></span> <span class='ocrx_word' id='word_1_296' title='bbox 708 2378 869 2419; x_wconf 83' lang='lat' dir='ltr'><strong>navium</strong></span> <span class='ocrx_word' id='word_1_297' title='bbox 898 2389 1015 2432; x_wconf 77' lang='lat' dir='ltr'><strong>parte</strong></span> <span class='ocrx_word' id='word_1_298' title='bbox 1045 2378 1217 2432; x_wconf 85' lang='lat' dir='ltr'><strong>positam</strong></span> <span class='ocrx_word' id='word_1_299' title='bbox 1247 2392 1339 2419; x_wconf 80' lang='lat' dir='ltr'><strong>esse</strong></span> <span class='ocrx_word' id='word_1_300' title='bbox 1371 2378 1454 2424; x_wconf 82' lang='lat' dir='ltr'><strong>(M</strong></span> <span class='ocrx_word' id='word_1_301' title='bbox 1479 2379 1570 2431; x_wconf 79' lang='lat'>118,</span> <span class='ocrx_word' id='word_1_302' title='bbox 1593 2379 1691 2427; x_wconf 70' lang='lat'>120)</span> <span class='ocrx_word' id='word_1_303' title='bbox 1721 2394 1845 2432; x_wconf 89' lang='lat' dir='ltr'><strong>quum</strong></span> <span class='ocrx_word' id='word_1_304' title='bbox 1876 2379 1916 2419; x_wconf 91' lang='lat' dir='ltr'><strong>in</strong></span> <span class='ocrx_word' id='word_1_305' title='bbox 1945 2378 1996 2419; x_wconf 78' lang='lat' dir='ltr'><em>N</em></span> <span class='ocrx_word' id='word_1_306' title='bbox 2021 2380 2128 2421; x_wconf 82' lang='lat' dir='ltr'><strong>libro</strong></span> <span class='ocrx_word' id='word_1_307' title='bbox 2164 2381 2281 2435; x_wconf 83' lang='grc'>(312,</span> <span class='ocrx_word' id='word_1_308' title='bbox 2298 2381 2405 2428; x_wconf 85' lang='grc'>681)</span> 
     </span>
     <span class='ocr_line' id='line_1_28' title="bbox 316 2455 2404 2510; baseline -0.002 -10"><span class='ocrx_word' id='word_1_309' title='bbox 316 2471 407 2500; x_wconf 69' lang='lat' dir='ltr'><strong>ant«-</strong></span> <span class='ocrx_word' id='word_1_310' title='bbox 438 2459 587 2499; x_wconf 76' lang='lat' dir='ltr'><strong>medias</strong></span> <span class='ocrx_word' id='word_1_311' title='bbox 618 2469 744 2497; x_wconf 79' lang='lat' dir='ltr'><strong>naves</strong></span> <span class='ocrx_word' id='word_1_312' title='bbox 775 2457 852 2504; x_wconf 82' lang='lat' dir='ltr'><strong>sit;</strong></span> <span class='ocrx_word' id='word_1_313' title='bbox 883 2455 1084 2510; x_wconf 80' lang='lat' dir='ltr'><strong>quodque</strong></span> <span class='ocrx_word' id='word_1_314' title='bbox 1114 2455 1218 2495; x_wconf 83' lang='lat' dir='ltr'><strong>hanc</strong></span> <span class='ocrx_word' id='word_1_315' title='bbox 1249 2455 1301 2496; x_wconf 91' lang='lat' dir='ltr'><strong>ob</strong></span> <span class='ocrx_word' id='word_1_316' title='bbox 1342 2469 1425 2495; x_wconf 86' lang='lat' dir='ltr'><strong>rem</strong></span> <span class='ocrx_word' id='word_1_317' title='bbox 1455 2466 1694 2509; x_wconf 88' lang='lat' dir='ltr'><strong>suspectum</strong></span> <span class='ocrx_word' id='word_1_318' title='bbox 1725 2471 1812 2497; x_wconf 85' lang='lat' dir='ltr'><strong>esse</strong></span> <span class='ocrx_word' id='word_1_319' title='bbox 1853 2457 1962 2497; x_wconf 88' lang='lat' dir='ltr'><strong>illum</strong></span> <span class='ocrx_word' id='word_1_320' title='bbox 1999 2472 2119 2502; x_wconf 82' lang='lat' dir='ltr'><strong>carm.</strong></span> <span class='ocrx_word' id='word_1_321' title='bbox 2157 2459 2225 2499; x_wconf 85' lang='lat' dir='ltr'><strong>XI.</strong></span> <span class='ocrx_word' id='word_1_322' title='bbox 2269 2459 2404 2498; x_wconf 88' lang='lat' dir='ltr'><strong>locum</strong></span> 
     </span>
     <span class='ocr_line' id='line_1_29' title="bbox 317 2535 2405 2591; baseline -0.002 -12"><span class='ocrx_word' id='word_1_323' title='bbox 317 2539 526 2591; x_wconf 57' lang='lat' dir='ltr'><strong>existimat7</strong></span> <span class='ocrx_word' id='word_1_324' title='bbox 555 2538 595 2576; x_wconf 87' lang='lat' dir='ltr'><strong>in</strong></span> <span class='ocrx_word' id='word_1_325' title='bbox 626 2538 705 2579; x_wconf 88' lang='lat' dir='ltr'><strong>hoc</strong></span> <span class='ocrx_word' id='word_1_326' title='bbox 735 2536 826 2575; x_wconf 82' lang='lat' dir='ltr'><strong>mihi</strong></span> <span class='ocrx_word' id='word_1_327' title='bbox 870 2537 983 2575; x_wconf 87' lang='lat' dir='ltr'><strong>nimis</strong></span> <span class='ocrx_word' id='word_1_328' title='bbox 1023 2548 1193 2575; x_wconf 77' lang='lat' dir='ltr'><strong>severus</strong></span> <span class='ocrx_word' id='word_1_329' title='bbox 1237 2549 1325 2574; x_wconf 82' lang='lat' dir='ltr'><strong>esse</strong></span> <span class='ocrx_word' id='word_1_330' title='bbox 1365 2535 1539 2574; x_wconf 77' lang='lat' dir='ltr'><strong>videtur.</strong></span> <span class='ocrx_word' id='word_1_331' title='bbox 1599 2535 1801 2590; x_wconf 86' lang='lat' dir='ltr'><strong>Equidem</strong></span> <span class='ocrx_word' id='word_1_332' title='bbox 1830 2535 1906 2574; x_wconf 84' lang='lat' dir='ltr'><strong>hac</strong></span> <span class='ocrx_word' id='word_1_333' title='bbox 1939 2550 1986 2576; x_wconf 81' lang='lat' dir='ltr'><strong>re</strong></span> <span class='ocrx_word' id='word_1_334' title='bbox 2018 2535 2191 2575; x_wconf 80' lang='lat' dir='ltr'><strong>differre</strong></span> <span class='ocrx_word' id='word_1_335' title='bbox 2231 2535 2405 2575; x_wconf 84' lang='lat' dir='ltr'><strong>dicerem</strong></span> 
     </span>
     <span class='ocr_line' id='line_1_30' title="bbox 317 2611 2406 2668; baseline -0.002 -11"><span class='ocrx_word' id='word_1_336' title='bbox 317 2618 576 2657; x_wconf 90' lang='lat' dir='ltr'><strong>undecimum</strong></span> <span class='ocrx_word' id='word_1_337' title='bbox 606 2631 768 2657; x_wconf 86' lang='lat' dir='ltr'><strong>carmen</strong></span> <span class='ocrx_word' id='word_1_338' title='bbox 800 2631 820 2655; x_wconf 86' lang='lat' dir='ltr'><strong>a</strong></span> <span class='ocrx_word' id='word_1_339' title='bbox 851 2613 1111 2662; x_wconf 87' lang='lat' dir='ltr'><strong>duodecimo,</strong></span> <span class='ocrx_word' id='word_1_340' title='bbox 1146 2613 1256 2653; x_wconf 84' lang='lat' dir='ltr'><strong>sicut</strong></span> <span class='ocrx_word' id='word_1_341' title='bbox 1288 2622 1402 2653; x_wconf 80' lang='lat' dir='ltr'><strong>antea</strong></span> <span class='ocrx_word' id='word_1_342' title='bbox 1434 2622 1619 2668; x_wconf 83' lang='lat' dir='ltr'><strong>quartum</strong></span> <span class='ocrx_word' id='word_1_343' title='bbox 1651 2626 1813 2653; x_wconf 81' lang='lat' dir='ltr'><strong>carmen</strong></span> <span class='ocrx_word' id='word_1_344' title='bbox 1845 2612 2028 2660; x_wconf 82' lang='lat' dir='ltr'><strong>(Lachm.</strong></span> <span class='ocrx_word' id='word_1_345' title='bbox 2060 2627 2102 2666; x_wconf 89' lang='lat' dir='ltr'><strong>p.</strong></span> <span class='ocrx_word' id='word_1_346' title='bbox 2135 2614 2206 2662; x_wconf 87' lang='grc'><strong>19)</strong></span> <span class='ocrx_word' id='word_1_347' title='bbox 2235 2627 2256 2651; x_wconf 92' lang='lat' dir='ltr'><strong>a</strong></span> <span class='ocrx_word' id='word_1_348' title='bbox 2285 2611 2406 2652; x_wconf 85' lang='lat' dir='ltr'><strong>tertio</strong></span> 
     </span>
     <span class='ocr_line' id='line_1_31' title="bbox 319 2682 2406 2747; baseline -0.001 -15"><span class='ocrx_word' id='word_1_349' title='bbox 319 2694 395 2733; x_wconf 78' lang='lat' dir='ltr'><strong>hac</strong></span> <span class='ocrx_word' id='word_1_350' title='bbox 429 2709 510 2733; x_wconf 87' lang='lat' dir='ltr'><strong>una</strong></span> <span class='ocrx_word' id='word_1_351' title='bbox 541 2707 586 2732; x_wconf 82' lang='lat' dir='ltr'><strong>re</strong></span> <span class='ocrx_word' id='word_1_352' title='bbox 611 2694 816 2734; x_wconf 78' lang='lat' dir='ltr'><strong>diversum</strong></span> <span class='ocrx_word' id='word_1_353' title='bbox 834 2703 934 2742; x_wconf 54' lang='lat' dir='ltr'><strong>erat.</strong></span> <span class='ocrx_word' id='word_1_354' title='bbox 952 2691 1068 2747; x_wconf 83' lang='lat' dir='ltr'><strong>quod</strong></span> <span class='ocrx_word' id='word_1_355' title='bbox 1083 2704 1205 2745; x_wconf 87' lang='lat' dir='ltr'><strong>quum</strong></span> <span class='ocrx_word' id='word_1_356' title='bbox 1227 2689 1383 2729; x_wconf 84' lang='lat' dir='ltr'><strong>tertium</strong></span> <span class='ocrx_word' id='word_1_357' title='bbox 1401 2702 1559 2742; x_wconf 79' lang='lat' dir='ltr'><strong>semper</strong></span> <span class='ocrx_word' id='word_1_358' title='bbox 1589 2687 1803 2728; x_wconf 86' lang='lat' dir='ltr'><strong>exhiberet</strong></span> <span class='ocrx_word' id='word_1_359' title='bbox 1818 2701 1827 2731; x_wconf 92' lang='lat'>:</span> <span class='ocrx_word' id='word_1_360' title='bbox 1843 2682 1952 2743; x_wconf 71' lang='grc' dir='ltr'><strong>ἶπὲρ</strong></span> <span class='ocrx_word' id='word_1_361' title='bbox 1983 2684 2109 2742; x_wconf 84' lang='grc' dir='ltr'><strong><em>ὅρκια</em></strong></span> <span class='ocrx_word' id='word_1_362' title='bbox 2128 2684 2406 2742; x_wconf 73' lang='grc' dir='ltr'><strong><em>δηλήσασθαι</em></strong></span> 
     </span>
     <span class='ocr_line' id='line_1_32' title="bbox 320 2764 2408 2821; baseline -0.001 -14"><span class='ocrx_word' id='word_1_363' title='bbox 320 2780 503 2821; x_wconf 78' lang='lat' dir='ltr'><strong>quartum</strong></span> <span class='ocrx_word' id='word_1_364' title='bbox 534 2770 622 2808; x_wconf 75' lang='lat' dir='ltr'><strong>aliis</strong></span> <span class='ocrx_word' id='word_1_365' title='bbox 654 2769 795 2809; x_wconf 87' lang='lat' dir='ltr'><strong>verbis</strong></span> <span class='ocrx_word' id='word_1_366' title='bbox 826 2770 878 2808; x_wconf 84' lang='lat' dir='ltr'><strong>ad</strong></span> <span class='ocrx_word' id='word_1_367' title='bbox 909 2768 1076 2809; x_wconf 83' lang='lat' dir='ltr'><strong>eandem</strong></span> <span class='ocrx_word' id='word_1_368' title='bbox 1106 2780 1191 2806; x_wconf 86' lang='lat' dir='ltr'><strong>rem</strong></span> <span class='ocrx_word' id='word_1_369' title='bbox 1222 2764 1525 2819; x_wconf 79' lang='lat' dir='ltr'><strong>exprimendam</strong></span> <span class='ocrx_word' id='word_1_370' title='bbox 1555 2765 1757 2803; x_wconf 81' lang='lat' dir='ltr'><strong>utebatur.</strong></span> <span class='ocrx_word' id='word_1_371' title='bbox 1823 2764 1967 2817; x_wconf 84' lang='lat' dir='ltr'><strong>Neque</strong></span> <span class='ocrx_word' id='word_1_372' title='bbox 2004 2764 2127 2818; x_wconf 84' lang='lat' dir='ltr'><strong>magis</strong></span> <span class='ocrx_word' id='word_1_373' title='bbox 2169 2778 2251 2804; x_wconf 88' lang='lat' dir='ltr'><strong>eam</strong></span> <span class='ocrx_word' id='word_1_374' title='bbox 2288 2780 2408 2820; x_wconf 89' lang='lat' dir='ltr'><strong>quam</strong></span> 
     </span>
     <span class='ocr_line' id='line_1_33' title="bbox 321 2841 2408 2898; baseline 0 -15"><span class='ocrx_word' id='word_1_375' title='bbox 321 2844 420 2884; x_wconf 86' lang='lat' dir='ltr'><strong>huic</strong></span> <span class='ocrx_word' id='word_1_376' title='bbox 451 2845 575 2893; x_wconf 83' lang='lat' dir='ltr'><strong>addit,</strong></span> <span class='ocrx_word' id='word_1_377' title='bbox 606 2846 809 2886; x_wconf 81' lang='lat' dir='ltr'><strong>rationem</strong></span> <span class='ocrx_word' id='word_1_378' title='bbox 839 2846 988 2898; x_wconf 83' lang='lat' dir='ltr'><strong>probo,</strong></span> <span class='ocrx_word' id='word_1_379' title='bbox 1021 2860 1103 2885; x_wconf 85' lang='lat' dir='ltr'><strong>non</strong></span> <span class='ocrx_word' id='word_1_380' title='bbox 1133 2843 1227 2883; x_wconf 87' lang='lat' dir='ltr'><strong>satis</strong></span> <span class='ocrx_word' id='word_1_381' title='bbox 1259 2853 1393 2895; x_wconf 86' lang='lat' dir='ltr'><strong>aptum</strong></span> <span class='ocrx_word' id='word_1_382' title='bbox 1425 2854 1527 2893; x_wconf 75' lang='lat' dir='ltr'><strong>esse7</strong></span> <span class='ocrx_word' id='word_1_383' title='bbox 1559 2841 1671 2895; x_wconf 84' lang='lat' dir='ltr'><strong>quod</strong></span> <span class='ocrx_word' id='word_1_384' title='bbox 1701 2850 1912 2895; x_wconf 85' lang='lat' dir='ltr'><strong>postquam</strong></span> <span class='ocrx_word' id='word_1_385' title='bbox 1935 2841 2055 2880; x_wconf 78' lang='lat' dir='ltr'><strong>Asius</strong></span> <span class='ocrx_word' id='word_1_386' title='bbox 2086 2842 2214 2881; x_wconf 80' lang='lat' dir='ltr'><strong>v.121</strong></span> <span class='ocrx_word' id='word_1_387' title='bbox 2250 2853 2408 2896; x_wconf 85' lang='lat' dir='ltr'><strong>portam</strong></span> 
     </span>
     <span class='ocr_line' id='line_1_34' title="bbox 322 2917 2410 2976; baseline 0 -16"><span class='ocrx_word' id='word_1_388' title='bbox 322 2923 478 2976; x_wconf 84' lang='lat' dir='ltr'><strong>reperit</strong></span> <span class='ocrx_word' id='word_1_389' title='bbox 508 2933 703 2976; x_wconf 78' lang='lat' dir='ltr'><strong>apertam⁷</strong></span> <span class='ocrx_word' id='word_1_390' title='bbox 731 2925 966 2975; x_wconf 84' lang='lat' dir='ltr'><strong>Polydamas</strong></span> <span class='ocrx_word' id='word_1_391' title='bbox 996 2923 1120 2970; x_wconf 75' lang='lat'><strong>(340)</strong></span> <span class='ocrx_word' id='word_1_392' title='bbox 1154 2919 1321 2959; x_wconf 88' lang='lat' dir='ltr'><strong>eandem</strong></span> <span class='ocrx_word' id='word_1_393' title='bbox 1351 2918 1433 2971; x_wconf 85' lang='lat' dir='ltr'><strong>jam</strong></span> <span class='ocrx_word' id='word_1_394' title='bbox 1463 2917 1637 2957; x_wconf 82' lang='lat' dir='ltr'><strong>clausam</strong></span> <span class='ocrx_word' id='word_1_395' title='bbox 1663 2930 1757 2957; x_wconf 88' lang='lat' dir='ltr'><strong>esse</strong></span> <span class='ocrx_word' id='word_1_396' title='bbox 1788 2918 1963 2958; x_wconf 81' lang='lat' dir='ltr'><strong>noverit.</strong></span> <span class='ocrx_word' id='word_1_397' title='bbox 2023 2918 2151 2976; x_wconf 78' lang='lat' dir='ltr'><strong>Quasi</strong></span> <span class='ocrx_word' id='word_1_398' title='bbox 2175 2932 2273 2960; x_wconf 80' lang='lat' dir='ltr'><strong>vero</strong></span> <span class='ocrx_word' id='word_1_399' title='bbox 2307 2920 2410 2960; x_wconf 85' lang='lat' dir='ltr'><strong>tales</strong></span> 
     </span>
     <span class='ocr_line' id='line_1_35' title="bbox 324 2992 2411 3053; baseline -0.001 -13"><span class='ocrx_word' id='word_1_400' title='bbox 324 3008 465 3052; x_wconf 82' lang='lat' dir='ltr'><strong>portae</strong></span> <span class='ocrx_word' id='word_1_401' title='bbox 497 3014 577 3040; x_wconf 86' lang='lat' dir='ltr'><strong>non</strong></span> <span class='ocrx_word' id='word_1_402' title='bbox 608 3001 766 3053; x_wconf 83' lang='lat' dir='ltr'><strong>saepius</strong></span> <span class='ocrx_word' id='word_1_403' title='bbox 795 3001 962 3039; x_wconf 78' lang='lat' dir='ltr'><strong>clausae</strong></span> <span class='ocrx_word' id='word_1_404' title='bbox 992 2999 1070 3037; x_wconf 88' lang='lat' dir='ltr'><strong>sint</strong></span> <span class='ocrx_word' id='word_1_405' title='bbox 1102 3010 1224 3052; x_wconf 88' lang='lat' dir='ltr'><strong>quam</strong></span> <span class='ocrx_word' id='word_1_406' title='bbox 1253 2995 1442 3049; x_wconf 82' lang='lat' dir='ltr'><strong>apertae!</strong></span> <span class='ocrx_word' id='word_1_407' title='bbox 1503 2992 1716 3034; x_wconf 83' lang='lat' dir='ltr'><strong>Accedunt</strong></span> <span class='ocrx_word' id='word_1_408' title='bbox 1747 2992 1851 3032; x_wconf 85' lang='lat' dir='ltr'><strong>aliae</strong></span> <span class='ocrx_word' id='word_1_409' title='bbox 1879 3008 2048 3048; x_wconf 89' lang='lat' dir='ltr'><strong>quoque</strong></span> <span class='ocrx_word' id='word_1_410' title='bbox 2078 3009 2143 3035; x_wconf 83' lang='lat' dir='ltr'><strong>res</strong></span> <span class='ocrx_word' id='word_1_411' title='bbox 2173 3011 2280 3051; x_wconf 86' lang='lat' dir='ltr'><strong>quae</strong></span> <span class='ocrx_word' id='word_1_412' title='bbox 2309 3012 2411 3052; x_wconf 88' lang='lat' dir='ltr'><strong>quo-</strong></span> 
     </span>
    </p>
   </div>
   <div class='ocr_carea' id='block_1_3' title="bbox 1961 3077 2007 3110">
    <p class='ocr_par' dir='ltr' id='par_1_10' title="bbox 1961 3077 2007 3110">
     <span class='ocr_line' id='line_1_36' title="bbox 1961 3077 2007 3110; baseline 0 -16"><span class='ocrx_word' id='word_1_413' title='bbox 1961 3077 2007 3110; x_wconf 67' lang='lat'><strong>2.</strong></span> 
     </span>
    </p>
   </div>
  </div>
 </body>
</html>
