<?xml version="1.0" encoding="UTF-8"?>
<!DOCTYPE html PUBLIC "-//W3C//DTD XHTML 1.0 Transitional//EN"
    "http://www.w3.org/TR/xhtml1/DTD/xhtml1-transitional.dtd">
<html xmlns="http://www.w3.org/1999/xhtml" xml:lang="en" lang="en">
 <head>
  <title>
</title>
<meta http-equiv="Content-Type" content="text/html;charset=utf-8" />
  <meta name='ocr-system' content='tesseract 3.04.00' />
  <meta name='ocr-capabilities' content='ocr_page ocr_carea ocr_par ocr_line ocrx_word'/>
</head>
<body>
  <div class='ocr_page' id='page_1' title='image "./4769656_0017.png"; bbox 0 0 3008 4101; ppageno 0'>
   <div class='ocr_carea' id='block_1_1' title="bbox 1053 312 1501 357">
    <p class='ocr_par' dir='ltr' id='par_1_1' title="bbox 1053 312 1501 357">
     <span class='ocr_line' id='line_1_1' title="bbox 1053 312 1501 357; baseline 0 -5"><span class='ocrx_word' id='word_1_1' title='bbox 1053 339 1114 352; x_wconf 65' lang='grc'>-</span> <span class='ocrx_word' id='word_1_2' title='bbox 1260 312 1292 357; x_wconf 85' lang='grc'><strong>9</strong></span> <span class='ocrx_word' id='word_1_3' title='bbox 1432 339 1501 346; x_wconf 84' lang='grc'>-.</span> 
     </span>
    </p>
   </div>
   <div class='ocr_carea' id='block_1_2' title="bbox 226 450 2318 2194">
    <p class='ocr_par' dir='ltr' id='par_1_2' title="bbox 226 450 2318 968">
     <span class='ocr_line' id='line_1_2' title="bbox 431 450 2318 505; baseline 0.001 -14"><span class='ocrx_word' id='word_1_4' title='bbox 431 453 577 493; x_wconf 85' lang='lat' dir='ltr'>Nonne</span> <span class='ocrx_word' id='word_1_5' title='bbox 604 451 707 492; x_wconf 81' lang='lat' dir='ltr'>haec</span> <span class='ocrx_word' id='word_1_6' title='bbox 737 459 779 492; x_wconf 87' lang='lat' dir='ltr'>et</span> <span class='ocrx_word' id='word_1_7' title='bbox 806 450 1010 505; x_wconf 86' lang='lat' dir='ltr'>simplicia</span> <span class='ocrx_word' id='word_1_8' title='bbox 1039 458 1135 492; x_wconf 87' lang='lat' dir='ltr'>sunt</span> <span class='ocrx_word' id='word_1_9' title='bbox 1164 458 1207 492; x_wconf 84' lang='lat' dir='ltr'>ct</span> <span class='ocrx_word' id='word_1_10' title='bbox 1234 450 1433 505; x_wconf 84' lang='lat' dir='ltr'>pulchra?</span> <span class='ocrx_word' id='word_1_11' title='bbox 1490 452 1634 493; x_wconf 81' lang='lat' dir='ltr'>Monet</span> <span class='ocrx_word' id='word_1_12' title='bbox 1662 464 1769 491; x_wconf 85' lang='lat' dir='ltr'>uxor</span> <span class='ocrx_word' id='word_1_13' title='bbox 1796 452 2044 501; x_wconf 86' lang='lat' dir='ltr'>Hectorem,</span> <span class='ocrx_word' id='word_1_14' title='bbox 2087 463 2141 492; x_wconf 90' lang='lat' dir='ltr'>ne</span> <span class='ocrx_word' id='word_1_15' title='bbox 2170 450 2318 493; x_wconf 80' lang='lat' dir='ltr'>oblivi-</span> 
     </span>
     <span class='ocr_line' id='line_1_3' title="bbox 227 527 2316 582; baseline 0 -14"><span class='ocrx_word' id='word_1_16' title='bbox 227 537 365 569; x_wconf 81' lang='lat' dir='ltr'>scatur</span> <span class='ocrx_word' id='word_1_17' title='bbox 394 527 562 568; x_wconf 77' lang='lat' dir='ltr'>infantis</span> <span class='ocrx_word' id='word_1_18' title='bbox 593 537 635 567; x_wconf 84' lang='lat' dir='ltr'>et</span> <span class='ocrx_word' id='word_1_19' title='bbox 664 528 725 567; x_wconf 89' lang='lat' dir='ltr'>sui</span> <span class='ocrx_word' id='word_1_20' title='bbox 742 527 884 581; x_wconf 68' lang='lat' dir='ltr'>ipsius,</span> <span class='ocrx_word' id='word_1_21' title='bbox 924 530 1086 569; x_wconf 82' lang='lat' dir='ltr'>Hector</span> <span class='ocrx_word' id='word_1_22' title='bbox 1109 541 1208 568; x_wconf 87' lang='lat' dir='ltr'>vero</span> <span class='ocrx_word' id='word_1_23' title='bbox 1224 527 1475 581; x_wconf 79' lang='lat' dir='ltr'><strong>respondet:</strong></span> <span class='ocrx_word' id='word_1_24' title='bbox 1505 529 1572 567; x_wconf 89' lang='lat' dir='ltr'>An</span> <span class='ocrx_word' id='word_1_25' title='bbox 1596 527 1695 566; x_wconf 88' lang='lat' dir='ltr'>mihi</span> <span class='ocrx_word' id='word_1_26' title='bbox 1713 540 1833 567; x_wconf 88' lang='lat' dir='ltr'>curae</span> <span class='ocrx_word' id='word_1_27' title='bbox 1860 540 1938 567; x_wconf 88' lang='lat' dir='ltr'>nec</span> <span class='ocrx_word' id='word_1_28' title='bbox 1959 536 1999 567; x_wconf 90' lang='lat' dir='ltr'>te</span> <span class='ocrx_word' id='word_1_29' title='bbox 2027 539 2105 567; x_wconf 84' lang='lat' dir='ltr'>nec</span> <span class='ocrx_word' id='word_1_30' title='bbox 2133 541 2316 582; x_wconf 87' lang='lat' dir='ltr'>puerum</span> 
     </span>
     <span class='ocr_line' id='line_1_4' title="bbox 226 603 2315 660; baseline 0 -16"><span class='ocrx_word' id='word_1_31' title='bbox 226 617 314 646; x_wconf 86' lang='lat' dir='ltr'>esse</span> <span class='ocrx_word' id='word_1_32' title='bbox 353 604 525 646; x_wconf 82' lang='lat' dir='ltr'><strong>censes?</strong></span> <span class='ocrx_word' id='word_1_33' title='bbox 583 605 663 646; x_wconf 89' lang='lat' dir='ltr'>Sed</span> <span class='ocrx_word' id='word_1_34' title='bbox 692 605 823 646; x_wconf 86' lang='lat' dir='ltr'>laudis</span> <span class='ocrx_word' id='word_1_35' title='bbox 861 614 901 646; x_wconf 89' lang='lat' dir='ltr'>et</span> <span class='ocrx_word' id='word_1_36' title='bbox 935 605 1094 660; x_wconf 78' lang='lat' dir='ltr'><strong>patriae</strong></span> <span class='ocrx_word' id='word_1_37' title='bbox 1134 618 1255 645; x_wconf 82' lang='lat' dir='ltr'>amor</span> <span class='ocrx_word' id='word_1_38' title='bbox 1287 604 1328 644; x_wconf 89' lang='lat' dir='ltr'>in</span> <span class='ocrx_word' id='word_1_39' title='bbox 1374 618 1553 659; x_wconf 86' lang='lat' dir='ltr'>pugnam</span> <span class='ocrx_word' id='word_1_40' title='bbox 1597 617 1663 644; x_wconf 92' lang='lat' dir='ltr'>me</span> <span class='ocrx_word' id='word_1_41' title='bbox 1701 612 1846 654; x_wconf 82' lang='lat' dir='ltr'>vocat,</span> <span class='ocrx_word' id='word_1_42' title='bbox 1889 603 2115 659; x_wconf 86' lang='lat' dir='ltr'>simulque,</span> <span class='ocrx_word' id='word_1_43' title='bbox 2161 605 2315 646; x_wconf 79' lang='lat' dir='ltr'><strong>ultimis</strong></span> 
     </span>
     <span class='ocr_line' id='line_1_5' title="bbox 226 680 2313 738; baseline 0.001 -17"><span class='ocrx_word' id='word_1_44' title='bbox 226 681 544 723; x_wconf 80' lang='lat' dir='ltr'>Andromachae</span> <span class='ocrx_word' id='word_1_45' title='bbox 576 683 727 729; x_wconf 86' lang='lat' dir='ltr'>verbis,</span> <span class='ocrx_word' id='word_1_46' title='bbox 757 682 906 738; x_wconf 86' lang='lat' dir='ltr'>quibus</span> <span class='ocrx_word' id='word_1_47' title='bbox 935 682 1226 736; x_wconf 78' lang='lat' dir='ltr'>Astyanactem</span> <span class='ocrx_word' id='word_1_48' title='bbox 1255 680 1366 735; x_wconf 83' lang='lat' dir='ltr'>patri</span> <span class='ocrx_word' id='word_1_49' title='bbox 1394 680 1435 721; x_wconf 89' lang='lat' dir='ltr'>in</span> <span class='ocrx_word' id='word_1_50' title='bbox 1464 680 1710 721; x_wconf 78' lang='lat' dir='ltr'>memoriam</span> <span class='ocrx_word' id='word_1_51' title='bbox 1742 689 2033 729; x_wconf 75' lang='lat' dir='ltr'>revocaverat,</span> <span class='ocrx_word' id='word_1_52' title='bbox 2063 690 2313 732; x_wconf 76' lang='lat' dir='ltr'>commotus,</span> 
     </span>
     <span class='ocr_line' id='line_1_6' title="bbox 227 757 2316 813; baseline 0 -15"><span class='ocrx_word' id='word_1_53' title='bbox 227 759 356 799; x_wconf 80' lang='lat' dir='ltr'>filium</span> <span class='ocrx_word' id='word_1_54' title='bbox 387 760 428 799; x_wconf 89' lang='lat' dir='ltr'>in</span> <span class='ocrx_word' id='word_1_55' title='bbox 459 774 602 800; x_wconf 88' lang='lat' dir='ltr'>manus</span> <span class='ocrx_word' id='word_1_56' title='bbox 632 759 781 812; x_wconf 87' lang='lat' dir='ltr'>accipit</span> <span class='ocrx_word' id='word_1_57' title='bbox 810 770 851 799; x_wconf 85' lang='lat' dir='ltr'>et</span> <span class='ocrx_word' id='word_1_58' title='bbox 880 758 1105 798; x_wconf 84' lang='lat' dir='ltr'>osculatur.</span> <span class='ocrx_word' id='word_1_59' title='bbox 1163 758 1323 808; x_wconf 83' lang='lat' dir='ltr'>Nonne,</span> <span class='ocrx_word' id='word_1_60' title='bbox 1351 765 1396 797; x_wconf 88' lang='lat' dir='ltr'>ut</span> <span class='ocrx_word' id='word_1_61' title='bbox 1413 771 1523 798; x_wconf 91' lang='lat' dir='ltr'>nunc</span> <span class='ocrx_word' id='word_1_62' title='bbox 1539 758 1680 798; x_wconf 81' lang='lat' dir='ltr'>omnia</span> <span class='ocrx_word' id='word_1_63' title='bbox 1697 757 1906 813; x_wconf 85' lang='lat' dir='ltr'>leguntur,</span> <span class='ocrx_word' id='word_1_64' title='bbox 1934 759 2316 812; x_wconf 70' lang='lat' dir='ltr'>inter-Astyanactis</span> 
     </span>
     <span class='ocr_line' id='line_1_7' title="bbox 231 833 2315 888; baseline 0 -15"><span class='ocrx_word' id='word_1_65' title='bbox 231 836 485 875; x_wconf 80' lang='lat' dir='ltr'>mentionem</span> <span class='ocrx_word' id='word_1_66' title='bbox 513 840 574 883; x_wconf 82' lang='lat' dir='ltr'>(v.</span> <span class='ocrx_word' id='word_1_67' title='bbox 603 836 707 883; x_wconf 63' lang='lat'>1132)</span> <span class='ocrx_word' id='word_1_68' title='bbox 742 843 785 875; x_wconf 87' lang='lat' dir='ltr'>et</span> <span class='ocrx_word' id='word_1_69' title='bbox 814 849 854 875; x_wconf 83' lang='lat' dir='ltr'>v.</span> <span class='ocrx_word' id='word_1_70' title='bbox 885 836 967 875; x_wconf 76' lang='lat'>466</span> <span class='ocrx_word' id='word_1_71' title='bbox 997 834 1202 887; x_wconf 80' lang='lat' dir='ltr'>permulta</span> <span class='ocrx_word' id='word_1_72' title='bbox 1240 834 1455 887; x_wconf 76' lang='lat' dir='ltr'>interjecta</span> <span class='ocrx_word' id='word_1_73' title='bbox 1494 842 1588 872; x_wconf 84' lang='lat' dir='ltr'>suut</span> <span class='ocrx_word' id='word_1_74' title='bbox 1627 847 1736 888; x_wconf 84' lang='lat' dir='ltr'>quae</span> <span class='ocrx_word' id='word_1_75' title='bbox 1772 833 1999 887; x_wconf 80' lang='lat' dir='ltr'>simplicem</span> <span class='ocrx_word' id='word_1_76' title='bbox 2040 848 2180 874; x_wconf 85' lang='lat' dir='ltr'>rerum</span> <span class='ocrx_word' id='word_1_77' title='bbox 2221 848 2315 875; x_wconf 83' lang='lat' dir='ltr'>ver-</span> 
     </span>
     <span class='ocr_line' id='line_1_8' title="bbox 229 911 1660 968; baseline 0.001 -17"><span class='ocrx_word' id='word_1_78' title='bbox 229 912 463 968; x_wconf 86' lang='lat' dir='ltr'>borumque</span> <span class='ocrx_word' id='word_1_79' title='bbox 492 927 646 952; x_wconf 82' lang='lat' dir='ltr'>nexum</span> <span class='ocrx_word' id='word_1_80' title='bbox 676 911 871 952; x_wconf 81' lang='lat' dir='ltr'>turbant?</span> <span class='ocrx_word' id='word_1_81' title='bbox 928 912 1012 952; x_wconf 82' lang='lat' dir='ltr'>Sed</span> <span class='ocrx_word' id='word_1_82' title='bbox 1041 921 1086 952; x_wconf 89' lang='lat' dir='ltr'>ut</span> <span class='ocrx_word' id='word_1_83' title='bbox 1114 913 1194 967; x_wconf 84' lang='lat' dir='ltr'>jam</span> <span class='ocrx_word' id='word_1_84' title='bbox 1225 911 1321 963; x_wconf 86' lang='lat' dir='ltr'>dixi,</span> <span class='ocrx_word' id='word_1_85' title='bbox 1349 912 1449 952; x_wconf 83' lang='lat' dir='ltr'>nihil</span> <span class='ocrx_word' id='word_1_86' title='bbox 1480 912 1660 955; x_wconf 80' lang='lat' dir='ltr'>affirmo.</span> 
     </span>
    </p>

    <p class='ocr_par' dir='ltr' id='par_1_3' title="bbox 226 989 2315 2194">
     <span class='ocr_line' id='line_1_9' title="bbox 428 989 2314 1047; baseline 0.002 -20"><span class='ocrx_word' id='word_1_87' title='bbox 428 992 542 1029; x_wconf 86' lang='lat' dir='ltr'>Haec</span> <span class='ocrx_word' id='word_1_88' title='bbox 572 989 698 1030; x_wconf 86' lang='lat' dir='ltr'>habui</span> <span class='ocrx_word' id='word_1_89' title='bbox 727 1004 835 1044; x_wconf 87' lang='lat' dir='ltr'>quae</span> <span class='ocrx_word' id='word_1_90' title='bbox 865 990 916 1029; x_wconf 90' lang='lat' dir='ltr'>de</span> <span class='ocrx_word' id='word_1_91' title='bbox 947 990 1082 1043; x_wconf 88' lang='lat' dir='ltr'>primo</span> <span class='ocrx_word' id='word_1_92' title='bbox 1113 999 1153 1029; x_wconf 88' lang='lat' dir='ltr'>et</span> <span class='ocrx_word' id='word_1_93' title='bbox 1182 990 1367 1031; x_wconf 89' lang='lat' dir='ltr'>secundo</span> <span class='ocrx_word' id='word_1_94' title='bbox 1387 990 1571 1030; x_wconf 82' lang='lat' dir='ltr'>carmine</span> <span class='ocrx_word' id='word_1_95' title='bbox 1588 990 1786 1042; x_wconf 83' lang='lat' dir='ltr'>dicerem,</span> <span class='ocrx_word' id='word_1_96' title='bbox 1809 992 1890 1045; x_wconf 87' lang='lat' dir='ltr'>jam</span> <span class='ocrx_word' id='word_1_97' title='bbox 1911 990 1962 1030; x_wconf 88' lang='lat' dir='ltr'>ad</span> <span class='ocrx_word' id='word_1_98' title='bbox 1983 991 2150 1031; x_wconf 82' lang='lat' dir='ltr'>tertium</span> <span class='ocrx_word' id='word_1_99' title='bbox 2168 1005 2314 1047; x_wconf 79' lang='lat' dir='ltr'>pergo.</span> 
     </span>
     <span class='ocr_line' id='line_1_10' title="bbox 226 1065 2315 1121; baseline 0.001 -16"><span class='ocrx_word' id='word_1_100' title='bbox 226 1068 289 1105; x_wconf 87' lang='lat' dir='ltr'>De</span> <span class='ocrx_word' id='word_1_101' title='bbox 320 1080 371 1105; x_wconf 81' lang='lat' dir='ltr'>co</span> <span class='ocrx_word' id='word_1_102' title='bbox 403 1065 689 1106; x_wconf 85' lang='lat' dir='ltr'>Lachmannus</span> <span class='ocrx_word' id='word_1_103' title='bbox 718 1082 760 1120; x_wconf 85' lang='lat' dir='ltr'>p.</span> <span class='ocrx_word' id='word_1_104' title='bbox 790 1068 843 1107; x_wconf 76' lang='lat'>22</span> <span class='ocrx_word' id='word_1_105' title='bbox 874 1066 992 1110; x_wconf 83' lang='lat' dir='ltr'>dicit:</span> <span class='ocrx_word' id='word_1_106' title='bbox 1021 1067 1126 1116; x_wconf 78' lang='lat' dir='ltr'>„Bei</span> <span class='ocrx_word' id='word_1_107' title='bbox 1155 1067 1252 1106; x_wconf 90' lang='lat' dir='ltr'>dem</span> <span class='ocrx_word' id='word_1_108' title='bbox 1281 1067 1536 1121; x_wconf 72' lang='lat' dir='ltr'>zweikampf</span> <span class='ocrx_word' id='word_1_109' title='bbox 1566 1067 1779 1108; x_wconf 83' lang='lat' dir='ltr'>zwischen</span> <span class='ocrx_word' id='word_1_110' title='bbox 1807 1068 1969 1107; x_wconf 75' lang='lat' dir='ltr'>Hektor</span> <span class='ocrx_word' id='word_1_111' title='bbox 2004 1068 2089 1107; x_wconf 93' lang='lat' dir='ltr'>und</span> <span class='ocrx_word' id='word_1_112' title='bbox 2130 1069 2227 1108; x_wconf 82' lang='lat' dir='ltr'>Aias</span> <span class='ocrx_word' id='word_1_113' title='bbox 2263 1069 2315 1109; x_wconf 87' lang='lat' dir='ltr'>ist</span> 
     </span>
     <span class='ocr_line' id='line_1_11' title="bbox 228 1142 2312 1202; baseline 0.001 -20"><span class='ocrx_word' id='word_1_114' title='bbox 228 1142 424 1198; x_wconf 84' lang='lat' dir='ltr'>nirgends</span> <span class='ocrx_word' id='word_1_115' title='bbox 457 1144 550 1183; x_wconf 89' lang='lat' dir='ltr'>eine</span> <span class='ocrx_word' id='word_1_116' title='bbox 579 1142 817 1199; x_wconf 88' lang='lat' dir='ltr'>beziehung</span> <span class='ocrx_word' id='word_1_117' title='bbox 845 1144 921 1184; x_wconf 84' lang='lat' dir='ltr'>auf</span> <span class='ocrx_word' id='word_1_118' title='bbox 944 1143 1024 1184; x_wconf 90' lang='lat' dir='ltr'>den</span> <span class='ocrx_word' id='word_1_119' title='bbox 1056 1143 1126 1184; x_wconf 91' lang='lat' dir='ltr'>des</span> <span class='ocrx_word' id='word_1_120' title='bbox 1154 1144 1360 1184; x_wconf 81' lang='lat' dir='ltr'>Menelaus</span> <span class='ocrx_word' id='word_1_121' title='bbox 1398 1144 1481 1184; x_wconf 91' lang='lat' dir='ltr'>und</span> <span class='ocrx_word' id='word_1_122' title='bbox 1518 1145 1637 1184; x_wconf 78' lang='lat' dir='ltr'>Paris</span> <span class='ocrx_word' id='word_1_123' title='bbox 1666 1168 1721 1175; x_wconf 91' lang='lat'>—</span> <span class='ocrx_word' id='word_1_124' title='bbox 1749 1144 1837 1184; x_wconf 85' lang='lat' dir='ltr'>also</span> <span class='ocrx_word' id='word_1_125' title='bbox 1875 1145 1939 1185; x_wconf 92' lang='lat' dir='ltr'>die</span> <span class='ocrx_word' id='word_1_126' title='bbox 1977 1148 2222 1202; x_wconf 81' lang='lat' dir='ltr'>erinnerung</span> <span class='ocrx_word' id='word_1_127' title='bbox 2261 1161 2312 1186; x_wconf 85' lang='lat' dir='ltr'>an</span> 
     </span>
     <span class='ocr_line' id='line_1_12' title="bbox 227 1218 2313 1275; baseline 0.002 -17"><span class='ocrx_word' id='word_1_128' title='bbox 227 1219 298 1259; x_wconf 86' lang='lat' dir='ltr'>das</span> <span class='ocrx_word' id='word_1_129' title='bbox 328 1220 456 1260; x_wconf 84' lang='lat' dir='ltr'>dritte</span> <span class='ocrx_word' id='word_1_130' title='bbox 484 1219 570 1259; x_wconf 91' lang='lat' dir='ltr'>und</span> <span class='ocrx_word' id='word_1_131' title='bbox 601 1221 732 1260; x_wconf 83' lang='lat' dir='ltr'>vierte</span> <span class='ocrx_word' id='word_1_132' title='bbox 763 1221 843 1261; x_wconf 88' lang='lat' dir='ltr'>lied</span> <span class='ocrx_word' id='word_1_133' title='bbox 871 1221 983 1275; x_wconf 84' lang='lat' dir='ltr'>zeigt</span> <span class='ocrx_word' id='word_1_134' title='bbox 1013 1220 1100 1260; x_wconf 84' lang='lat' dir='ltr'>sich</span> <span class='ocrx_word' id='word_1_135' title='bbox 1131 1220 1234 1259; x_wconf 90' lang='lat' dir='ltr'>eben</span> <span class='ocrx_word' id='word_1_136' title='bbox 1265 1220 1378 1259; x_wconf 81' lang='lat' dir='ltr'>nieht</span> <span class='ocrx_word' id='word_1_137' title='bbox 1409 1219 1516 1260; x_wconf 78' lang='lat' dir='ltr'>star1⁴</span> <span class='ocrx_word' id='word_1_138' title='bbox 1551 1221 1607 1259; x_wconf 87' lang='lat' dir='ltr'>im</span> <span class='ocrx_word' id='word_1_139' title='bbox 1647 1218 1882 1260; x_wconf 82' lang='lat' dir='ltr'>secbsten.“</span> <span class='ocrx_word' id='word_1_140' title='bbox 1935 1223 2075 1271; x_wconf 84' lang='lat' dir='ltr'>Recte,</span> <span class='ocrx_word' id='word_1_141' title='bbox 2105 1223 2313 1263; x_wconf 86' lang='lat' dir='ltr'>simillima</span> 
     </span>
     <span class='ocr_line' id='line_1_13' title="bbox 229 1295 2314 1350; baseline 0.002 -14"><span class='ocrx_word' id='word_1_142' title='bbox 229 1306 363 1336; x_wconf 87' lang='lat' dir='ltr'>tamen</span> <span class='ocrx_word' id='word_1_143' title='bbox 392 1306 487 1337; x_wconf 89' lang='lat' dir='ltr'>sunt</span> <span class='ocrx_word' id='word_1_144' title='bbox 515 1295 618 1337; x_wconf 85' lang='lat' dir='ltr'>haec</span> <span class='ocrx_word' id='word_1_145' title='bbox 648 1296 744 1348; x_wconf 87' lang='lat' dir='ltr'>duo,</span> <span class='ocrx_word' id='word_1_146' title='bbox 773 1296 813 1336; x_wconf 89' lang='lat' dir='ltr'>in</span> <span class='ocrx_word' id='word_1_147' title='bbox 845 1296 993 1350; x_wconf 88' lang='lat' dir='ltr'>quibus</span> <span class='ocrx_word' id='word_1_148' title='bbox 1020 1297 1294 1348; x_wconf 61' lang='lat' dir='ltr'>,uovopoexc&#39;at</span> <span class='ocrx_word' id='word_1_149' title='bbox 1324 1308 1550 1348; x_wconf 81' lang='lat' dir='ltr'>narrantur,</span> <span class='ocrx_word' id='word_1_150' title='bbox 1585 1297 1778 1338; x_wconf 84' lang='lat' dir='ltr'>carmina.</span> <span class='ocrx_word' id='word_1_151' title='bbox 1844 1295 2122 1339; x_wconf 75' lang='lat' dir='ltr'>conferantur</span> <span class='ocrx_word' id='word_1_152' title='bbox 2147 1313 2314 1341; x_wconf 79' lang='lat' dir='ltr'>versus:</span> 
     </span>
     <span class='ocr_line' id='line_1_14' title="bbox 230 1371 2311 1423; baseline 0.001 -10"><span class='ocrx_word' id='word_1_153' title='bbox 230 1373 274 1413; x_wconf 91' lang='lat' dir='ltr'><em>H</em></span> <span class='ocrx_word' id='word_1_154' title='bbox 304 1374 369 1413; x_wconf 83' lang='lat'>50.</span> <span class='ocrx_word' id='word_1_155' title='bbox 400 1374 448 1414; x_wconf 89' lang='lat'>51</span> <span class='ocrx_word' id='word_1_156' title='bbox 494 1387 588 1413; x_wconf 91' lang='lat' dir='ltr'>cum</span> <span class='ocrx_word' id='word_1_157' title='bbox 633 1371 680 1412; x_wconf 88' lang='grc' dir='ltr'><em>Γ</em></span> <span class='ocrx_word' id='word_1_158' title='bbox 708 1375 769 1413; x_wconf 89' lang='grc'>19.</span> <span class='ocrx_word' id='word_1_159' title='bbox 798 1373 872 1423; x_wconf 81' lang='lat'>203</span> <span class='ocrx_word' id='word_1_160' title='bbox 913 1372 964 1412; x_wconf 90' lang='lat' dir='ltr'><em>H</em></span> <span class='ocrx_word' id='word_1_161' title='bbox 987 1374 1040 1413; x_wconf 83' lang='grc'>49</span> <span class='ocrx_word' id='word_1_162' title='bbox 1070 1387 1164 1413; x_wconf 93' lang='lat' dir='ltr'>cum</span> <span class='ocrx_word' id='word_1_163' title='bbox 1207 1372 1256 1413; x_wconf 90' lang='grc' dir='ltr'><em>Γ</em></span> <span class='ocrx_word' id='word_1_164' title='bbox 1280 1375 1354 1423; x_wconf 85' lang='grc'>68;</span> <span class='ocrx_word' id='word_1_165' title='bbox 1400 1372 1449 1413; x_wconf 88' lang='lat' dir='ltr'><em>H</em></span> <span class='ocrx_word' id='word_1_166' title='bbox 1473 1375 1621 1414; x_wconf 66' lang='lat'>54-56</span> <span class='ocrx_word' id='word_1_167' title='bbox 1665 1386 1761 1412; x_wconf 91' lang='lat' dir='ltr'>cum</span> <span class='ocrx_word' id='word_1_168' title='bbox 1804 1372 1851 1413; x_wconf 89' lang='grc' dir='ltr'><em>Γ</em></span> <span class='ocrx_word' id='word_1_169' title='bbox 1875 1375 2052 1422; x_wconf 76' lang='lat'>76-783</span> <span class='ocrx_word' id='word_1_170' title='bbox 2094 1373 2144 1415; x_wconf 88' lang='lat' dir='ltr'><em>H</em></span> <span class='ocrx_word' id='word_1_171' title='bbox 2171 1378 2237 1417; x_wconf 81' lang='grc'>66.</span> <span class='ocrx_word' id='word_1_172' title='bbox 2258 1378 2311 1417; x_wconf 86' lang='grc'>67</span> 
     </span>
     <span class='ocr_line' id='line_1_15' title="bbox 229 1448 2312 1503; baseline 0.002 -14"><span class='ocrx_word' id='word_1_173' title='bbox 229 1464 321 1490; x_wconf 92' lang='lat' dir='ltr'>cum</span> <span class='ocrx_word' id='word_1_174' title='bbox 371 1450 508 1494; x_wconf 87' lang='grc' dir='ltr'>Γ85.</span> <span class='ocrx_word' id='word_1_175' title='bbox 538 1452 615 1502; x_wconf 79' lang='lat'>863</span> <span class='ocrx_word' id='word_1_176' title='bbox 672 1449 811 1491; x_wconf 70' lang='lat'>1192.</span> <span class='ocrx_word' id='word_1_177' title='bbox 855 1454 909 1490; x_wconf 83' lang='lat'>94</span> <span class='ocrx_word' id='word_1_178' title='bbox 954 1463 1048 1489; x_wconf 88' lang='lat' dir='ltr'>cum</span> <span class='ocrx_word' id='word_1_179' title='bbox 1087 1448 1135 1489; x_wconf 90' lang='grc' dir='ltr'><strong><em>Γ</em></strong></span> <span class='ocrx_word' id='word_1_180' title='bbox 1165 1453 1231 1490; x_wconf 79' lang='grc'>95.</span> <span class='ocrx_word' id='word_1_181' title='bbox 1269 1453 1337 1491; x_wconf 87' lang='grc'>96.</span> <span class='ocrx_word' id='word_1_182' title='bbox 1411 1453 1511 1489; x_wconf 88' lang='lat' dir='ltr'>Post</span> <span class='ocrx_word' id='word_1_183' title='bbox 1556 1451 1794 1503; x_wconf 85' lang='lat' dir='ltr'>interjectos</span> <span class='ocrx_word' id='word_1_184' title='bbox 1831 1452 1916 1490; x_wconf 83' lang='lat' dir='ltr'>sere</span> <span class='ocrx_word' id='word_1_185' title='bbox 1959 1462 2127 1491; x_wconf 90' lang='lat' dir='ltr'>centum</span> <span class='ocrx_word' id='word_1_186' title='bbox 2172 1466 2312 1493; x_wconf 84' lang='lat' dir='ltr'>versus</span> 
     </span>
     <span class='ocr_line' id='line_1_16' title="bbox 228 1525 2313 1581; baseline 0.003 -15"><span class='ocrx_word' id='word_1_187' title='bbox 228 1527 407 1567; x_wconf 85' lang='lat' dir='ltr'>redeunt</span> <span class='ocrx_word' id='word_1_188' title='bbox 437 1528 478 1566; x_wconf 86' lang='lat' dir='ltr'>in</span> <span class='ocrx_word' id='word_1_189' title='bbox 512 1527 730 1567; x_wconf 87' lang='lat' dir='ltr'>sortitione</span> <span class='ocrx_word' id='word_1_190' title='bbox 762 1528 1070 1578; x_wconf 85' lang='lat' dir='ltr'>similitudines3</span> <span class='ocrx_word' id='word_1_191' title='bbox 1113 1527 1163 1566; x_wconf 90' lang='lat' dir='ltr'>ad</span> <span class='ocrx_word' id='word_1_192' title='bbox 1193 1526 1242 1566; x_wconf 87' lang='lat' dir='ltr'><em>H</em></span> <span class='ocrx_word' id='word_1_193' title='bbox 1267 1529 1341 1567; x_wconf 90' lang='grc'>171</span> <span class='ocrx_word' id='word_1_194' title='bbox 1376 1541 1466 1581; x_wconf 86' lang='lat' dir='ltr'>sqq.</span> <span class='ocrx_word' id='word_1_195' title='bbox 1510 1526 1563 1565; x_wconf 77' lang='lat' dir='ltr'>cf..</span> <span class='ocrx_word' id='word_1_196' title='bbox 1594 1525 1642 1566; x_wconf 90' lang='grc' dir='ltr'><em>Γ</em></span> <span class='ocrx_word' id='word_1_197' title='bbox 1663 1528 1756 1576; x_wconf 84' lang='grc'>316,</span> <span class='ocrx_word' id='word_1_198' title='bbox 1788 1527 1841 1566; x_wconf 90' lang='lat' dir='ltr'>ad</span> <span class='ocrx_word' id='word_1_199' title='bbox 1883 1527 1933 1567; x_wconf 90' lang='lat' dir='ltr'><em>H</em></span> <span class='ocrx_word' id='word_1_200' title='bbox 1959 1529 2037 1569; x_wconf 87' lang='grc'>176</span> <span class='ocrx_word' id='word_1_201' title='bbox 2066 1527 2116 1569; x_wconf 76' lang='lat' dir='ltr'>cf.</span> <span class='ocrx_word' id='word_1_202' title='bbox 2159 1528 2207 1570; x_wconf 87' lang='grc' dir='ltr'><em>Γ</em></span> <span class='ocrx_word' id='word_1_203' title='bbox 2230 1532 2313 1573; x_wconf 84' lang='grc'>316</span> 
     </span>
     <span class='ocr_line' id='line_1_17' title="bbox 226 1597 2315 1657; baseline 0 -14"><span class='ocrx_word' id='word_1_204' title='bbox 226 1603 308 1652; x_wconf 85' lang='lat' dir='ltr'>(uti</span> <span class='ocrx_word' id='word_1_205' title='bbox 339 1606 514 1642; x_wconf 79' lang='lat' dir='ltr'>sortasse</span> <span class='ocrx_word' id='word_1_206' title='bbox 544 1616 630 1642; x_wconf 88' lang='lat' dir='ltr'>non</span> <span class='ocrx_word' id='word_1_207' title='bbox 659 1597 832 1643; x_wconf 78' lang='grc' dir='ltr'><em>πάλλον</em></span> <span class='ocrx_word' id='word_1_208' title='bbox 862 1603 932 1643; x_wconf 88' lang='lat' dir='ltr'>sed</span> <span class='ocrx_word' id='word_1_209' title='bbox 959 1598 1163 1655; x_wconf 75' lang='grc' dir='ltr'><em>βάλλον</em></span> <span class='ocrx_word' id='word_1_210' title='bbox 1192 1603 1427 1657; x_wconf 85' lang='lat' dir='ltr'>legendum,</span> <span class='ocrx_word' id='word_1_211' title='bbox 1470 1602 1522 1643; x_wconf 82' lang='lat' dir='ltr'>cf.</span> <span class='ocrx_word' id='word_1_212' title='bbox 1553 1602 1599 1643; x_wconf 91' lang='grc' dir='ltr'><em>Γ</em></span> <span class='ocrx_word' id='word_1_213' title='bbox 1624 1604 1726 1654; x_wconf 77' lang='lat'>3243</span> <span class='ocrx_word' id='word_1_214' title='bbox 1769 1614 1956 1643; x_wconf 88' lang='lat' dir='ltr'>ceterum</span> <span class='ocrx_word' id='word_1_215' title='bbox 1986 1602 2034 1644; x_wconf 74' lang='grc' dir='ltr'><em>Ψ</em></span> <span class='ocrx_word' id='word_1_216' title='bbox 2059 1606 2136 1645; x_wconf 86' lang='grc'>861</span> <span class='ocrx_word' id='word_1_217' title='bbox 2172 1619 2315 1646; x_wconf 84' lang='lat' dir='ltr'>versus</span> 
     </span>
     <span class='ocr_line' id='line_1_18' title="bbox 228 1678 2313 1734; baseline 0.002 -16"><span class='ocrx_word' id='word_1_218' title='bbox 228 1680 296 1720; x_wconf 86' lang='lat' dir='ltr'>ille</span> <span class='ocrx_word' id='word_1_219' title='bbox 327 1681 408 1721; x_wconf 80' lang='lat'>316</span> <span class='ocrx_word' id='word_1_220' title='bbox 439 1678 548 1719; x_wconf 88' lang='lat' dir='ltr'>sicut</span> <span class='ocrx_word' id='word_1_221' title='bbox 576 1693 687 1719; x_wconf 88' lang='lat' dir='ltr'>nunc</span> <span class='ocrx_word' id='word_1_222' title='bbox 716 1680 868 1734; x_wconf 83' lang='lat' dir='ltr'>legitur</span> <span class='ocrx_word' id='word_1_223' title='bbox 907 1678 1115 1719; x_wconf 84' lang='lat' dir='ltr'>adhibitus</span> <span class='ocrx_word' id='word_1_224' title='bbox 1154 1692 1247 1720; x_wconf 80' lang='lat' dir='ltr'>csse</span> <span class='ocrx_word' id='word_1_225' title='bbox 1289 1680 1474 1729; x_wconf 70' lang='lat' dir='ltr'>videtur)</span> <span class='ocrx_word' id='word_1_226' title='bbox 1519 1680 1568 1720; x_wconf 82' lang='lat' dir='ltr'>ad</span> <span class='ocrx_word' id='word_1_227' title='bbox 1599 1678 1649 1720; x_wconf 88' lang='lat' dir='ltr'><em>H</em></span> <span class='ocrx_word' id='word_1_228' title='bbox 1676 1682 1765 1721; x_wconf 90' lang='grc'>181.</span> <span class='ocrx_word' id='word_1_229' title='bbox 1799 1682 1875 1721; x_wconf 74' lang='lat'>182</span> <span class='ocrx_word' id='word_1_230' title='bbox 1928 1682 1981 1720; x_wconf 82' lang='lat' dir='ltr'>ef.</span> <span class='ocrx_word' id='word_1_231' title='bbox 2025 1679 2072 1721; x_wconf 91' lang='grc' dir='ltr'><em>Γ</em></span> <span class='ocrx_word' id='word_1_232' title='bbox 2095 1683 2190 1722; x_wconf 76' lang='grc'><strong>324.</strong></span> <span class='ocrx_word' id='word_1_233' title='bbox 2218 1684 2313 1723; x_wconf 72' lang='lat'><strong>325.</strong></span> 
     </span>
     <span class='ocr_line' id='line_1_19' title="bbox 227 1754 2314 1815; baseline 0.001 -21"><span class='ocrx_word' id='word_1_234' title='bbox 227 1757 278 1795; x_wconf 88' lang='lat' dir='ltr'>Et</span> <span class='ocrx_word' id='word_1_235' title='bbox 307 1756 349 1795; x_wconf 91' lang='lat' dir='ltr'>in</span> <span class='ocrx_word' id='word_1_236' title='bbox 379 1754 425 1795; x_wconf 86' lang='grc' dir='ltr'><em>Γ</em></span> <span class='ocrx_word' id='word_1_237' title='bbox 451 1755 559 1796; x_wconf 86' lang='lat' dir='ltr'>libro</span> <span class='ocrx_word' id='word_1_238' title='bbox 594 1766 634 1796; x_wconf 88' lang='lat' dir='ltr'>et</span> <span class='ocrx_word' id='word_1_239' title='bbox 667 1757 707 1796; x_wconf 88' lang='lat' dir='ltr'>in</span> <span class='ocrx_word' id='word_1_240' title='bbox 738 1754 786 1796; x_wconf 93' lang='lat' dir='ltr'><em>H</em></span> <span class='ocrx_word' id='word_1_241' title='bbox 810 1755 986 1796; x_wconf 83' lang='lat' dir='ltr'>duarum</span> <span class='ocrx_word' id='word_1_242' title='bbox 1017 1755 1305 1810; x_wconf 86' lang='lat' dir='ltr'>precationum</span> <span class='ocrx_word' id='word_1_243' title='bbox 1333 1756 1489 1795; x_wconf 84' lang='lat' dir='ltr'>mentio</span> <span class='ocrx_word' id='word_1_244' title='bbox 1519 1754 1577 1796; x_wconf 84' lang='lat' dir='ltr'>fit.</span> <span class='ocrx_word' id='word_1_245' title='bbox 1635 1756 1690 1794; x_wconf 85' lang='lat' dir='ltr'>In·</span> <span class='ocrx_word' id='word_1_246' title='bbox 1708 1755 1798 1810; x_wconf 89' lang='lat' dir='ltr'>ipsa</span> <span class='ocrx_word' id='word_1_247' title='bbox 1819 1754 1999 1811; x_wconf 88' lang='lat' dir='ltr'>denique</span> <span class='ocrx_word' id='word_1_248' title='bbox 2016 1770 2172 1812; x_wconf 80' lang='lat' dir='ltr'>pugna,</span> <span class='ocrx_word' id='word_1_249' title='bbox 2202 1760 2314 1815; x_wconf 85' lang='lat' dir='ltr'>quod</span> 
     </span>
     <span class='ocr_line' id='line_1_20' title="bbox 229 1831 2311 1890; baseline 0.003 -19"><span class='ocrx_word' id='word_1_250' title='bbox 229 1833 279 1872; x_wconf 84' lang='lat' dir='ltr'>ad</span> <span class='ocrx_word' id='word_1_251' title='bbox 309 1847 416 1873; x_wconf 84' lang='lat' dir='ltr'>rem</span> <span class='ocrx_word' id='word_1_252' title='bbox 448 1835 605 1884; x_wconf 80' lang='lat' dir='ltr'>attinet,</span> <span class='ocrx_word' id='word_1_253' title='bbox 654 1833 707 1874; x_wconf 72' lang='lat' dir='ltr'>cf.</span> <span class='ocrx_word' id='word_1_254' title='bbox 738 1833 788 1874; x_wconf 91' lang='lat' dir='ltr'><em>H</em></span> <span class='ocrx_word' id='word_1_255' title='bbox 811 1835 891 1874; x_wconf 69' lang='lat'>244</span> <span class='ocrx_word' id='word_1_256' title='bbox 923 1847 1015 1873; x_wconf 88' lang='lat' dir='ltr'>cum</span> <span class='ocrx_word' id='word_1_257' title='bbox 1045 1833 1092 1874; x_wconf 82' lang='grc' dir='ltr'><em>Γ</em></span> <span class='ocrx_word' id='word_1_258' title='bbox 1117 1834 1223 1888; x_wconf 78' lang='grc'>346;</span> <span class='ocrx_word' id='word_1_259' title='bbox 1268 1832 1317 1873; x_wconf 87' lang='grc' dir='ltr'><em>Η</em></span> <span class='ocrx_word' id='word_1_260' title='bbox 1339 1835 1434 1874; x_wconf 75' lang='grc'><strong>248.</strong></span> <span class='ocrx_word' id='word_1_261' title='bbox 1464 1835 1545 1874; x_wconf 74' lang='grc'>249</span> <span class='ocrx_word' id='word_1_262' title='bbox 1589 1847 1681 1873; x_wconf 90' lang='lat' dir='ltr'>cum</span> <span class='ocrx_word' id='word_1_263' title='bbox 1708 1831 1754 1873; x_wconf 91' lang='grc' dir='ltr'><em>Γ</em></span> <span class='ocrx_word' id='word_1_264' title='bbox 1778 1834 2004 1886; x_wconf 69' lang='grc'><strong>349-355,</strong></span> <span class='ocrx_word' id='word_1_265' title='bbox 2058 1835 2170 1890; x_wconf 87' lang='lat' dir='ltr'>quod</span> <span class='ocrx_word' id='word_1_266' title='bbox 2206 1850 2311 1877; x_wconf 81' lang='lat' dir='ltr'>vero</span> 
     </span>
     <span class='ocr_line' id='line_1_21' title="bbox 230 1910 2312 1970; baseline 0.003 -20"><span class='ocrx_word' id='word_1_267' title='bbox 230 1911 280 1950; x_wconf 88' lang='lat' dir='ltr'>ad</span> <span class='ocrx_word' id='word_1_268' title='bbox 313 1912 484 1960; x_wconf 79' lang='lat' dir='ltr'>verba,</span> <span class='ocrx_word' id='word_1_269' title='bbox 516 1912 681 1952; x_wconf 72' lang='lat' dir='ltr'>inverso</span> <span class='ocrx_word' id='word_1_270' title='bbox 712 1911 859 1951; x_wconf 85' lang='lat' dir='ltr'>ordine</span> <span class='ocrx_word' id='word_1_271' title='bbox 902 1911 951 1952; x_wconf 92' lang='lat' dir='ltr'><em>H</em></span> <span class='ocrx_word' id='word_1_272' title='bbox 974 1913 1053 1952; x_wconf 70' lang='lat'>244</span> <span class='ocrx_word' id='word_1_273' title='bbox 1094 1927 1187 1951; x_wconf 81' lang='lat' dir='ltr'>cum</span> <span class='ocrx_word' id='word_1_274' title='bbox 1231 1910 1277 1952; x_wconf 91' lang='grc' dir='ltr'><em>Γ</em></span> <span class='ocrx_word' id='word_1_275' title='bbox 1301 1914 1380 1953; x_wconf 79' lang='lat'>355</span> <span class='ocrx_word' id='word_1_276' title='bbox 1433 1924 1470 1953; x_wconf 84' lang='lat' dir='ltr'>et</span> <span class='ocrx_word' id='word_1_277' title='bbox 1514 1912 1564 1953; x_wconf 93' lang='lat' dir='ltr'><em>H</em></span> <span class='ocrx_word' id='word_1_278' title='bbox 1587 1915 1667 1953; x_wconf 67' lang='lat'>2⁴9</span> <span class='ocrx_word' id='word_1_279' title='bbox 1700 1926 1794 1952; x_wconf 89' lang='lat' dir='ltr'>cum</span> <span class='ocrx_word' id='word_1_280' title='bbox 1834 1912 1881 1953; x_wconf 92' lang='grc' dir='ltr'><em>Γ</em></span> <span class='ocrx_word' id='word_1_281' title='bbox 1905 1915 2007 1960; x_wconf 73' lang='grc'>346;</span> <span class='ocrx_word' id='word_1_282' title='bbox 2047 1915 2097 1954; x_wconf 87' lang='lat' dir='ltr'>cf.</span> <span class='ocrx_word' id='word_1_283' title='bbox 2135 1914 2312 1970; x_wconf 89' lang='lat' dir='ltr'>denique</span> 
     </span>
     <span class='ocr_line' id='line_1_22' title="bbox 234 1986 2312 2045; baseline 0.001 -18"><span class='ocrx_word' id='word_1_284' title='bbox 234 1987 279 2027; x_wconf 87' lang='lat' dir='ltr'><em>H</em></span> <span class='ocrx_word' id='word_1_285' title='bbox 311 1989 519 2029; x_wconf 67' lang='lat'>250-254</span> <span class='ocrx_word' id='word_1_286' title='bbox 575 2002 671 2028; x_wconf 89' lang='lat' dir='ltr'>cum</span> <span class='ocrx_word' id='word_1_287' title='bbox 722 1987 768 2028; x_wconf 90' lang='grc' dir='ltr'><em>Γ</em></span> <span class='ocrx_word' id='word_1_288' title='bbox 803 1989 1010 2029; x_wconf 83' lang='grc'>356-360</span> <span class='ocrx_word' id='word_1_289' title='bbox 1050 2000 1091 2028; x_wconf 88' lang='lat' dir='ltr'>et</span> <span class='ocrx_word' id='word_1_290' title='bbox 1132 1986 1178 2027; x_wconf 91' lang='lat' dir='ltr'><em>H</em></span> <span class='ocrx_word' id='word_1_291' title='bbox 1204 1989 1283 2028; x_wconf 76' lang='lat'>259</span> <span class='ocrx_word' id='word_1_292' title='bbox 1319 2001 1412 2027; x_wconf 89' lang='lat' dir='ltr'>cum</span> <span class='ocrx_word' id='word_1_293' title='bbox 1463 1986 1510 2027; x_wconf 89' lang='grc' dir='ltr'><em>Γ</em></span> <span class='ocrx_word' id='word_1_294' title='bbox 1535 1988 1629 2029; x_wconf 69' lang='grc'><strong>348.</strong></span> <span class='ocrx_word' id='word_1_295' title='bbox 1710 1988 1894 2041; x_wconf 75' lang='lat' dir='ltr'>Apparet</span> <span class='ocrx_word' id='word_1_296' title='bbox 1940 1988 2064 2042; x_wconf 84' lang='lat' dir='ltr'>igitur</span> <span class='ocrx_word' id='word_1_297' title='bbox 2103 2002 2197 2029; x_wconf 86' lang='lat' dir='ltr'>eum</span> <span class='ocrx_word' id='word_1_298' title='bbox 2239 1993 2312 2045; x_wconf 88' lang='lat' dir='ltr'>qui</span> 
     </span>
     <span class='ocr_line' id='line_1_23' title="bbox 229 2064 2311 2119; baseline 0.002 -16"><span class='ocrx_word' id='word_1_299' title='bbox 229 2066 393 2105; x_wconf 83' lang='lat' dir='ltr'>alteram</span> <span class='ocrx_word' id='word_1_300' title='bbox 427 2066 591 2119; x_wconf 83' lang='lat' dir='ltr'>scripsit</span> <span class='ocrx_word' id='word_1_301' title='bbox 622 2066 915 2114; x_wconf 84' lang='lat' dir='ltr'>narrationem,</span> <span class='ocrx_word' id='word_1_302' title='bbox 947 2066 1114 2103; x_wconf 78' lang='lat' dir='ltr'>alteram</span> <span class='ocrx_word' id='word_1_303' title='bbox 1146 2065 1325 2115; x_wconf 82' lang='lat' dir='ltr'>novisse,</span> <span class='ocrx_word' id='word_1_304' title='bbox 1359 2080 1439 2119; x_wconf 77' lang='lat' dir='ltr'>qua</span> <span class='ocrx_word' id='word_1_305' title='bbox 1470 2074 1606 2104; x_wconf 84' lang='lat' dir='ltr'>tamen</span> <span class='ocrx_word' id='word_1_306' title='bbox 1643 2078 1688 2103; x_wconf 80' lang='lat' dir='ltr'>rc</span> <span class='ocrx_word' id='word_1_307' title='bbox 1729 2064 1976 2103; x_wconf 84' lang='lat' dir='ltr'>Lachmanni</span> <span class='ocrx_word' id='word_1_308' title='bbox 2012 2065 2165 2115; x_wconf 81' lang='lat' dir='ltr'>verba,</span> <span class='ocrx_word' id='word_1_309' title='bbox 2196 2078 2311 2108; x_wconf 75' lang='lat' dir='ltr'>antea</span> 
     </span>
     <span class='ocr_line' id='line_1_24' title="bbox 227 2144 954 2194; baseline 0.001 -10"><span class='ocrx_word' id='word_1_310' title='bbox 227 2163 247 2184; x_wconf 75' lang='lat' dir='ltr'>a</span> <span class='ocrx_word' id='word_1_311' title='bbox 278 2159 342 2186; x_wconf 86' lang='lat' dir='ltr'>me</span> <span class='ocrx_word' id='word_1_312' title='bbox 373 2145 544 2194; x_wconf 78' lang='lat' dir='ltr'>laudata,</span> <span class='ocrx_word' id='word_1_313' title='bbox 574 2159 655 2184; x_wconf 83' lang='lat' dir='ltr'>non</span> <span class='ocrx_word' id='word_1_314' title='bbox 684 2144 954 2186; x_wconf 71' lang='lat' dir='ltr'>infirmantur.</span> 
     </span>
    </p>
   </div>
   <div class='ocr_carea' id='block_1_3' title="bbox 426 2220 2312 2277">
    <p class='ocr_par' dir='ltr' id='par_1_4' title="bbox 426 2220 2312 2277">
     <span class='ocr_line' id='line_1_25' title="bbox 426 2220 2312 2277; baseline 0.001 -16"><span class='ocrx_word' id='word_1_315' title='bbox 426 2222 497 2261; x_wconf 78' lang='lat' dir='ltr'>His</span> <span class='ocrx_word' id='word_1_316' title='bbox 528 2235 631 2276; x_wconf 82' lang='lat' dir='ltr'>quae</span> <span class='ocrx_word' id='word_1_317' title='bbox 662 2221 711 2261; x_wconf 89' lang='lat' dir='ltr'>de</span> <span class='ocrx_word' id='word_1_318' title='bbox 741 2231 855 2261; x_wconf 83' lang='lat' dir='ltr'>sexto</span> <span class='ocrx_word' id='word_1_319' title='bbox 885 2220 1134 2259; x_wconf 82' lang='lat' dir='ltr'>Lachmanni</span> <span class='ocrx_word' id='word_1_320' title='bbox 1165 2221 1346 2260; x_wconf 77' lang='lat' dir='ltr'>carmine</span> <span class='ocrx_word' id='word_1_321' title='bbox 1376 2221 1568 2274; x_wconf 78' lang='lat' dir='ltr'>exposui,</span> <span class='ocrx_word' id='word_1_322' title='bbox 1612 2222 1757 2262; x_wconf 76' lang='lat' dir='ltr'>addere</span> <span class='ocrx_word' id='word_1_323' title='bbox 1801 2221 1896 2260; x_wconf 81' lang='lat' dir='ltr'>mihi</span> <span class='ocrx_word' id='word_1_324' title='bbox 1939 2222 2063 2263; x_wconf 80' lang='lat' dir='ltr'>liceat</span> <span class='ocrx_word' id='word_1_325' title='bbox 2098 2235 2227 2277; x_wconf 87' lang='lat' dir='ltr'>pauca</span> <span class='ocrx_word' id='word_1_326' title='bbox 2264 2224 2312 2262; x_wconf 80' lang='lat' dir='ltr'>de</span> 
     </span>
    </p>
   </div>
   <div class='ocr_carea' id='block_1_4' title="bbox 161 2297 2312 2352">
    <p class='ocr_par' dir='ltr' id='par_1_5' title="bbox 161 2297 2312 2352">
     <span class='ocr_line' id='line_1_26' title="bbox 161 2297 2312 2352; baseline -0 -12"><span class='ocrx_word' id='word_1_327' title='bbox 161 2307 163 2309; x_wconf 82' lang='grc'><strong>’</strong></span> <span class='ocrx_word' id='word_1_328' title='bbox 227 2300 325 2340; x_wconf 86' lang='lat' dir='ltr'>libri</span> <span class='ocrx_word' id='word_1_329' title='bbox 357 2299 394 2339; x_wconf 83' lang='lat' dir='ltr'>Z</span> <span class='ocrx_word' id='word_1_330' title='bbox 424 2299 541 2339; x_wconf 89' lang='lat' dir='ltr'>initio</span> <span class='ocrx_word' id='word_1_331' title='bbox 575 2298 709 2338; x_wconf 80' lang='lat' dir='ltr'>verba.</span> <span class='ocrx_word' id='word_1_332' title='bbox 768 2298 950 2337; x_wconf 85' lang='lat' dir='ltr'>Primum</span> <span class='ocrx_word' id='word_1_333' title='bbox 981 2310 1040 2348; x_wconf 82' lang='lat' dir='ltr'>ca,</span> <span class='ocrx_word' id='word_1_334' title='bbox 1070 2311 1178 2351; x_wconf 82' lang='lat' dir='ltr'>quae</span> <span class='ocrx_word' id='word_1_335' title='bbox 1210 2297 1260 2337; x_wconf 88' lang='lat' dir='ltr'>de</span> <span class='ocrx_word' id='word_1_336' title='bbox 1276 2298 1397 2351; x_wconf 73' lang='lat' dir='ltr'>Ajacc</span> <span class='ocrx_word' id='word_1_337' title='bbox 1430 2297 1641 2349; x_wconf 80' lang='lat' dir='ltr'>dicuntur,</span> <span class='ocrx_word' id='word_1_338' title='bbox 1671 2311 1722 2338; x_wconf 81' lang='lat' dir='ltr'>ex</span> <span class='ocrx_word' id='word_1_339' title='bbox 1751 2298 1800 2339; x_wconf 80' lang='lat' dir='ltr'>iis</span> <span class='ocrx_word' id='word_1_340' title='bbox 1817 2308 1979 2352; x_wconf 88' lang='lat' dir='ltr'>sumpta</span> <span class='ocrx_word' id='word_1_341' title='bbox 1995 2311 2085 2339; x_wconf 88' lang='lat' dir='ltr'>esse</span> <span class='ocrx_word' id='word_1_342' title='bbox 2107 2299 2312 2348; x_wconf 76' lang='lat' dir='ltr'>videntur,</span> 
     </span>
    </p>
   </div>
   <div class='ocr_carea' id='block_1_5' title="bbox 227 2374 2312 2971">
    <p class='ocr_par' dir='ltr' id='par_1_6' title="bbox 227 2374 2312 2494">
     <span class='ocr_line' id='line_1_27' title="bbox 227 2374 2312 2432; baseline -0.002 -15"><span class='ocrx_word' id='word_1_343' title='bbox 227 2390 334 2432; x_wconf 80' lang='lat' dir='ltr'>quae</span> <span class='ocrx_word' id='word_1_344' title='bbox 365 2377 499 2431; x_wconf 84' lang='lat' dir='ltr'>quinti</span> <span class='ocrx_word' id='word_1_345' title='bbox 532 2376 741 2425; x_wconf 80' lang='lat' dir='ltr'>(Lachm.)</span> <span class='ocrx_word' id='word_1_346' title='bbox 775 2375 965 2416; x_wconf 74' lang='lat' dir='ltr'>carminis</span> <span class='ocrx_word' id='word_1_347' title='bbox 1003 2374 1118 2414; x_wconf 85' lang='lat' dir='ltr'>initio</span> <span class='ocrx_word' id='word_1_348' title='bbox 1158 2374 1208 2413; x_wconf 87' lang='lat' dir='ltr'>(le</span> <span class='ocrx_word' id='word_1_349' title='bbox 1243 2374 1467 2414; x_wconf 74' lang='lat' dir='ltr'>Antilocho</span> <span class='ocrx_word' id='word_1_350' title='bbox 1507 2385 1738 2419; x_wconf 72' lang='lat' dir='ltr'>narrantur.</span> <span class='ocrx_word' id='word_1_351' title='bbox 1805 2377 1867 2416; x_wconf 88' lang='lat' dir='ltr'>Cf.</span> <span class='ocrx_word' id='word_1_352' title='bbox 1914 2375 1952 2416; x_wconf 89' lang='lat' dir='ltr'><em>Z</em></span> <span class='ocrx_word' id='word_1_353' title='bbox 1979 2380 2015 2419; x_wconf 80' lang='lat'>5,</span> <span class='ocrx_word' id='word_1_354' title='bbox 2048 2379 2113 2418; x_wconf 85' lang='grc'>9-</span> <span class='ocrx_word' id='word_1_355' title='bbox 2139 2378 2182 2417; x_wconf 85' lang='lat' dir='ltr'>ll</span> <span class='ocrx_word' id='word_1_356' title='bbox 2218 2391 2312 2416; x_wconf 89' lang='lat' dir='ltr'>cum</span> 
     </span>
     <span class='ocr_line' id='line_1_28' title="bbox 239 2454 636 2494; baseline -0.005 -1"><span class='ocrx_word' id='word_1_357' title='bbox 239 2457 266 2493; x_wconf 67' lang='lat' dir='ltr'>r1</span> <span class='ocrx_word' id='word_1_358' title='bbox 296 2455 389 2494; x_wconf 72' lang='lat'>457.</span> <span class='ocrx_word' id='word_1_359' title='bbox 421 2455 501 2494; x_wconf 67' lang='lat'>⁴59</span> <span class='ocrx_word' id='word_1_360' title='bbox 520 2475 538 2482; x_wconf 95' lang='lat'><em>-</em></span> <span class='ocrx_word' id='word_1_361' title='bbox 561 2454 636 2493; x_wconf 83' lang='lat'>61:</span> 
     </span>
    </p>

    <p class='ocr_par' dir='ltr' id='par_1_7' title="bbox 580 2528 1297 2585">
     <span class='ocr_line' id='line_1_29' title="bbox 580 2528 1297 2585; baseline -0.004 -14"><span class='ocrx_word' id='word_1_362' title='bbox 580 2531 617 2571; x_wconf 90' lang='grc' dir='ltr'><em>Ζ</em></span> <span class='ocrx_word' id='word_1_363' title='bbox 647 2534 669 2571; x_wconf 83' lang='grc'><strong>5</strong></span> <span class='ocrx_word' id='word_1_364' title='bbox 701 2530 811 2576; x_wconf 70' lang='grc' dir='ltr'><strong><em>Αὶὶις</em></strong></span> <span class='ocrx_word' id='word_1_365' title='bbox 840 2528 883 2570; x_wconf 69' lang='grc' dir='ltr'>δὲ</span> <span class='ocrx_word' id='word_1_366' title='bbox 916 2528 1132 2585; x_wconf 74' lang='grc' dir='ltr'><em>πρῶτος</em></span> <span class='ocrx_word' id='word_1_367' title='bbox 1160 2552 1212 2560; x_wconf 89' lang='grc'>-</span> <span class='ocrx_word' id='word_1_368' title='bbox 1242 2551 1297 2559; x_wconf 92' lang='lat'>——</span> 
     </span>
    </p>

    <p class='ocr_par' dir='ltr' id='par_1_8' title="bbox 430 2603 2309 2897">
     <span class='ocr_line' id='line_1_30' title="bbox 643 2603 2044 2663; baseline -0.004 -13"><span class='ocrx_word' id='word_1_369' title='bbox 643 2611 667 2649; x_wconf 85' lang='grc'><strong>9</strong></span> <span class='ocrx_word' id='word_1_370' title='bbox 698 2606 776 2650; x_wconf 83' lang='grc' dir='ltr'>τὸν</span> <span class='ocrx_word' id='word_1_371' title='bbox 805 2606 842 2663; x_wconf 76' lang='grc' dir='ltr'>ῥ’</span> <span class='ocrx_word' id='word_1_372' title='bbox 868 2606 994 2661; x_wconf 61' lang='grc' dir='ltr'><strong><em>ἔβαλε</em></strong></span> <span class='ocrx_word' id='word_1_373' title='bbox 1025 2606 1236 2662; x_wconf 72' lang='grc' dir='ltr'><em>πρῶτος</em></span> <span class='ocrx_word' id='word_1_374' title='bbox 1265 2603 1452 2661; x_wconf 68' lang='grc' dir='ltr'><strong><em>κόρυθος</em></strong></span> <span class='ocrx_word' id='word_1_375' title='bbox 1479 2603 1625 2660; x_wconf 67' lang='grc' dir='ltr'><em>(μέλον</em></span> <span class='ocrx_word' id='word_1_376' title='bbox 1654 2604 1950 2660; x_wconf 73' lang='grc' dir='ltr'><strong><em>ἱπποδασείης</em></strong></span> <span class='ocrx_word' id='word_1_377' title='bbox 1966 2616 2044 2646; x_wconf 89' lang='lat' dir='ltr'>cte.</span> 
     </span>
     <span class='ocr_line' id='line_1_31' title="bbox 545 2679 1995 2743; baseline -0.002 -16"><span class='ocrx_word' id='word_1_378' title='bbox 545 2690 561 2727; x_wconf 84' lang='lat'>1</span> <span class='ocrx_word' id='word_1_379' title='bbox 590 2689 671 2729; x_wconf 67' lang='lat'>457</span> <span class='ocrx_word' id='word_1_380' title='bbox 701 2686 922 2743; x_wconf 74' lang='grc' dir='ltr'><strong>πρῶτος</strong></span> <span class='ocrx_word' id='word_1_381' title='bbox 949 2685 986 2727; x_wconf 78' lang='grc' dir='ltr'>δ’</span> <span class='ocrx_word' id='word_1_382' title='bbox 1010 2681 1259 2731; x_wconf 79' lang='grc' dir='ltr'><strong><em>Ἀντίλοκος</em></strong></span> <span class='ocrx_word' id='word_1_383' title='bbox 1293 2680 1455 2740; x_wconf 78' lang='grc' dir='ltr'><em>Τρώων</em></span> <span class='ocrx_word' id='word_1_384' title='bbox 1485 2682 1583 2725; x_wconf 74' lang='grc' dir='ltr'>ἕλεν</span> <span class='ocrx_word' id='word_1_385' title='bbox 1612 2679 1754 2739; x_wconf 69' lang='grc' dir='ltr'><em>ἄνδρα</em></span> <span class='ocrx_word' id='word_1_386' title='bbox 1784 2680 1995 2739; x_wconf 68' lang='grc' dir='ltr'><strong><em>κορυστῆν</em></strong></span> 
     </span>
     <span class='ocr_line' id='line_1_32' title="bbox 590 2757 1571 2819; baseline -0.003 -15"><span class='ocrx_word' id='word_1_387' title='bbox 590 2767 671 2805; x_wconf 77' lang='grc'>459</span> <span class='ocrx_word' id='word_1_388' title='bbox 700 2762 778 2806; x_wconf 81' lang='grc' dir='ltr'>τὸν</span> <span class='ocrx_word' id='word_1_389' title='bbox 807 2762 845 2819; x_wconf 80' lang='grc' dir='ltr'>ῥ’</span> <span class='ocrx_word' id='word_1_390' title='bbox 871 2762 1000 2818; x_wconf 62' lang='grc' dir='ltr'><strong><em>ἔβαλε</em></strong></span> <span class='ocrx_word' id='word_1_391' title='bbox 1029 2763 1248 2819; x_wconf 79' lang='grc' dir='ltr'><strong><em>πρῶτος</em></strong></span> <span class='ocrx_word' id='word_1_392' title='bbox 1277 2757 1464 2817; x_wconf 66' lang='grc' dir='ltr'><strong><em>κόρυθος</em></strong></span> <span class='ocrx_word' id='word_1_393' title='bbox 1495 2774 1571 2802; x_wconf 77' lang='lat' dir='ltr'>cte.</span> 
     </span>
     <span class='ocr_line' id='line_1_33' title="bbox 430 2838 2309 2897; baseline -0.001 -17"><span class='ocrx_word' id='word_1_394' title='bbox 430 2843 572 2897; x_wconf 82' lang='lat' dir='ltr'>Pugna</span> <span class='ocrx_word' id='word_1_395' title='bbox 594 2857 734 2896; x_wconf 83' lang='lat' dir='ltr'>porro,</span> <span class='ocrx_word' id='word_1_396' title='bbox 766 2843 823 2881; x_wconf 90' lang='lat' dir='ltr'>illi</span> <span class='ocrx_word' id='word_1_397' title='bbox 843 2856 949 2896; x_wconf 87' lang='lat' dir='ltr'>quae</span> <span class='ocrx_word' id='word_1_398' title='bbox 968 2842 1063 2881; x_wconf 83' lang='lat' dir='ltr'>inde</span> <span class='ocrx_word' id='word_1_399' title='bbox 1089 2856 1110 2881; x_wconf 84' lang='lat' dir='ltr'>a</span> <span class='ocrx_word' id='word_1_400' title='bbox 1135 2842 1233 2882; x_wconf 78' lang='lat' dir='ltr'><strong>v‚37</strong></span> <span class='ocrx_word' id='word_1_401' title='bbox 1259 2840 1442 2879; x_wconf 79' lang='lat' dir='ltr'>Menelao</span> <span class='ocrx_word' id='word_1_402' title='bbox 1461 2852 1553 2878; x_wconf 87' lang='lat' dir='ltr'>cum</span> <span class='ocrx_word' id='word_1_403' title='bbox 1568 2839 1739 2879; x_wconf 79' lang='lat' dir='ltr'>Adrasto</span> <span class='ocrx_word' id='word_1_404' title='bbox 1759 2850 1818 2878; x_wconf 86' lang='lat' dir='ltr'>cst</span> <span class='ocrx_word' id='word_1_405' title='bbox 1840 2838 2043 2877; x_wconf 86' lang='lat' dir='ltr'>simillima</span> <span class='ocrx_word' id='word_1_406' title='bbox 2067 2838 2105 2878; x_wconf 60' lang='lat'>„1</span> <span class='ocrx_word' id='word_1_407' title='bbox 2132 2840 2208 2879; x_wconf 67' lang='lat'>122»</span> <span class='ocrx_word' id='word_1_408' title='bbox 2221 2855 2309 2895; x_wconf 85' lang='lat' dir='ltr'>sqq.</span> 
     </span>
    </p>

    <p class='ocr_par' dir='ltr' id='par_1_9' title="bbox 228 2913 2301 2971">
     <span class='ocr_line' id='line_1_34' title="bbox 228 2913 2301 2971; baseline -0.001 -12"><span class='ocrx_word' id='word_1_409' title='bbox 228 2930 438 2968; x_wconf 60' lang='lat' dir='ltr'>narratum</span> <span class='ocrx_word' id='word_1_410' title='bbox 467 2919 518 2959; x_wconf 84' lang='lat' dir='ltr'>ad</span> <span class='ocrx_word' id='word_1_411' title='bbox 550 2918 588 2959; x_wconf 86' lang='lat' dir='ltr'><em>Z</em></span> <span class='ocrx_word' id='word_1_412' title='bbox 615 2919 780 2961; x_wconf 70' lang='lat'><strong>46-50</strong></span> <span class='ocrx_word' id='word_1_413' title='bbox 812 2917 864 2958; x_wconf 84' lang='lat' dir='ltr'>cf.</span> <span class='ocrx_word' id='word_1_414' title='bbox 903 2919 938 2958; x_wconf 80' lang='lat' dir='ltr'><em>A</em></span> <span class='ocrx_word' id='word_1_415' title='bbox 973 2919 1194 2959; x_wconf 78' lang='lat'>131-135.</span> <span class='ocrx_word' id='word_1_416' title='bbox 1260 2915 1440 2967; x_wconf 75' lang='lat' dir='ltr'>Accedit,</span> <span class='ocrx_word' id='word_1_417' title='bbox 1471 2915 1580 2971; x_wconf 88' lang='lat' dir='ltr'>quod</span> <span class='ocrx_word' id='word_1_418' title='bbox 1605 2930 1667 2955; x_wconf 75' lang='lat' dir='ltr'>vv.</span> <span class='ocrx_word' id='word_1_419' title='bbox 1700 2917 1764 2956; x_wconf 83' lang='lat'>61.</span> <span class='ocrx_word' id='word_1_420' title='bbox 1796 2917 1848 2956; x_wconf 73' lang='lat'>62</span> <span class='ocrx_word' id='word_1_421' title='bbox 1882 2915 2000 2954; x_wconf 82' lang='lat' dir='ltr'>etiam</span> <span class='ocrx_word' id='word_1_422' title='bbox 2034 2913 2081 2956; x_wconf 87' lang='lat' dir='ltr'><em>H</em></span> <span class='ocrx_word' id='word_1_423' title='bbox 2108 2916 2196 2955; x_wconf 73' lang='lat'>120.</span> <span class='ocrx_word' id='word_1_424' title='bbox 2233 2918 2301 2956; x_wconf 77' lang='lat'>121</span> 
     </span>
    </p>
   </div>
   <div class='ocr_carea' id='block_1_6' title="bbox 1818 2997 1839 3030">
    <p class='ocr_par' dir='ltr' id='par_1_10' title="bbox 1818 2997 1839 3030">
     <span class='ocr_line' id='line_1_35' title="bbox 1818 2997 1839 3030; baseline 0 0"><span class='ocrx_word' id='word_1_425' title='bbox 1818 2997 1839 3030; x_wconf 72' lang='lat'><strong>2</strong></span> 
     </span>
    </p>
   </div>
  </div>
 </body>
</html>
