3083 4118
1526 363 1593 369 -
1733 335 1800 381 22
1941 361 2011 369 .-

725 486 773 519 ut
803 476 956 517 ultimis
987 475 1099 515 libris
1128 475 1308 515 maxime
1336 474 1505 525 propria
1535 475 1757 526 annotavit,
1784 488 1954 525 prorsus
1983 486 2163 515 vacuum
2192 481 2267 514 est.
2327 472 2414 514 Sed
2442 486 2527 514 non
2556 474 2694 515 solum
2724 486 2817 516 ante

725 556 808 598 hoc
845 568 1011 595 carmen
1050 567 1241 610 magnam
1280 551 1628 603 deprehendimus
1663 559 1812 602 poetae
1856 551 1948 592 sive
1992 550 2127 601 potius
2171 550 2460 601 compositoris
2506 550 2815 608 negligentiam,

726 646 871 674 verum
904 632 1029 672 etiam
1059 641 1203 682 postea
1234 631 1384 670 similia
1414 631 1691 681 reperiuntur.
1748 630 1851 670 Nam
1882 642 1988 685 quae
2017 628 2205 679 proxime
2234 629 2426 684 sequitur
2440 629 2644 670 Briseidis
2667 629 2817 679 oratio,

726 724 773 751 ea
806 710 975 765 quidem
1006 709 1101 750 satis
1131 708 1303 759 pulchra
1337 717 1420 760 est3
1462 708 1536 750 sed
1565 708 1639 763 qui
1675 722 1773 749 mox
1811 721 1928 749 senes
1970 706 2026 747 ad
2057 705 2264 748 Achillem
2303 707 2600 747 consolandum
2638 708 2819 760 veniunt,

725 787 771 827 hi
793 802 974 844 quoque·
993 787 1164 826 domum
1194 800 1278 826 non
1305 786 1499 827 redeunt!
1559 786 1729 826 Scilicet
1757 784 2008 826 describitur
2036 783 2252 839 quomodo
2270 782 2451 824 Achilles
2472 796 2565 825 sese
2594 785 2819 825 armaverit

726 875 767 906 et
799 867 841 904 in
871 865 1083 919 proelium
1113 863 1330 914 profectus
1360 864 1433 912 sit3
1463 877 1571 918 quae
1601 878 1730 918 quum
1761 863 1913 902 addere
1941 862 2062 902 vellet
2096 861 2364 914 compositor,
2391 862 2558 902 illorum
2590 861 2639 902 de
2666 862 2817 917 quibus

725 953 844 984 antea
872 944 1040 985 locutus
1070 951 1132 983 est
1159 941 1373 983 hominum
1404 956 1480 982 suo
1511 955 1627 983 more
1658 955 1827 990 prorsus
1857 940 2012 981 oblitus
2042 949 2114 980 est.
2171 940 2239 989 Et,
2268 940 2347 979 nisi
2358 937 2493 990 fallor,
2523 953 2570 980 ea
2599 939 2683 990 ipsa
2709 953 2818 994 quae

727 1020 834 1071 apud
868 1019 1074 1061 Achillem
1105 1020 1210 1060 facta
1239 1032 1331 1059 esse
1360 1018 1615 1068 referuntur,
1646 1017 1856 1059 nonnullis
1884 1017 1990 1060 locis
2020 1016 2157 1067 paullo
2195 1016 2396 1067 ineptiora
2424 1027 2526 1059 sunt.
2588 1019 2819 1059 Hortamur

727 1112 825 1139 eum
856 1112 978 1139 senes
1009 1110 1053 1138 ut
1084 1097 1223 1137 cibum
1253 1107 1399 1136 sumat.
1460 1094 1645 1135 Achilles
1684 1109 1788 1135 vero
1832 1110 1875 1135 se
1920 1094 1960 1134 id
2005 1093 2214 1135 facturum
2259 1109 2347 1135 esse
2375 1105 2512 1150 negat,
2555 1105 2596 1136 et
2638 1110 2765 1150 quum
2795 1111 2819 1134 a

727 1176 877 1217 ceteris
918 1176 1116 1225 impetret
1154 1181 1201 1213 ut
1237 1172 1409 1214 domum
1447 1180 1561 1223 eant,
1591 1172 1792 1223 nonnulli,
1828 1172 1935 1213 inter
1975 1186 2081 1227 quos
2111 1172 2296 1226 Atridae,
2322 1174 2476 1213 Nestor
2505 1172 2671 1227 aliique,
2711 1172 2818 1223 apud

726 1267 822 1294 eum
854 1262 1032 1292 manent.
1062 1267 1105 1292 v.
1136 1251 1218 1292 3⁴⁰
1242 1251 1384 1290 Jovem
1415 1263 1564 1289 eorum
1597 1249 1778 1297 miseret,
1808 1249 2023 1304 mittitque
2048 1249 2275 1290 Minervam
2306 1259 2351 1291 ut
2377 1250 2572 1290 Achilli
2602 1260 2749 1291 nectar
2777 1259 2818 1291 et

728 1330 976 1370 ambrosiam
1009 1327 1182 1370 afferat:
1224 1325 1269 1368 οἱ
1305 1326 1348 1368 δὲ
1387 1324 1437 1381 δὴ
1477 1322 1602 1368 ἄλλοι
1642 1326 1842 1377 οἴχονται
1883 1322 1998 1379 μετὰ
2027 1324 2231 1376 δεῖπνον,
2270 1327 2391 1382 quasi
2434 1341 2532 1368 vero
2572 1342 2656 1368 non
2698 1328 2818 1368 multi

726 1407 834 1458 apud
866 1420 961 1447 eum
990 1405 1281 1455 remanserint,
1310 1406 1383 1460 qui
1414 1418 1543 1461 quum
1571 1404 1834 1445 lamentando
1864 1405 2055 1455 occupati
2084 1405 2252 1444 coenari
2282 1404 2552 1460 neglexerint,
2580 1416 2659 1445 nec
2689 1404 2817 1454 domi,

725 1498 802 1525 nec
833 1484 939 1534 apud
970 1483 1175 1525 Achillem
1205 1483 1298 1523 cibo
1328 1490 1513 1537 potuque
1543 1493 1800 1522 recreantur.
1836 1506 1878 1512 —
1922 1482 2004 1522 Sed
2042 1489 2204 1531 praeter
2247 1481 2353 1522 haec
2381 1482 2454 1521 alia
2485 1495 2656 1537 quoque
2684 1482 2817 1522 in'his

723 1561 841 1601 libris
873 1560 918 1601 Σ
939 1570 979 1601 et
1012 1559 1054 1601 T
1076 1559 1345 1610 reperiuntur
1366 1573 1473 1614 quae
1504 1559 1629 1598 simili
1657 1572 1832 1612 prorsus
1860 1558 2022 1599 ratione
2053 1573 2199 1608 parum
2228 1558 2410 1598 habilem
2440 1559 2557 1599 nobis
2588 1568 2818 1599 monstrant

725 1637 1065 1690 compositorem.
1098 1635 1142 1678 Σ
1164 1638 1247 1678 310
1276 1635 1394 1675 linita
1422 1635 1613 1676 Hectoris
1643 1637 1842 1688 oratione,
1872 1650 1910 1675 v.
1939 1636 2018 1677 314
2049 1635 2257 1692 pergitur:

1198 1710 1367 1768 δόρπον
1395 1712 1543 1755 ἔπειθ’
1571 1712 1741 1755 εἵλοντο
1770 1710 1885 1754 κατὰ
1914 1710 2128 1769 στρατόν·
2158 1707 2300 1768 αὐτὰρ
2323 1707 2499 1763 ’Λχαιοὶ

1196 1789 1436 1842 παννύχιοι
1467 1788 1727 1847 Πάτροκλον
1755 1786 2107 1843 ἀνεστενάχοντο
2138 1792 2332 1843 γοῶντες.

726 1873 811 1933 Qui
843 1887 983 1913 versus
1012 1873 1147 1923 plures
1177 1873 1229 1914 ob
1258 1885 1400 1912 causas
1444 1885 1527 1911 non
1571 1873 1667 1911 satis
1706 1871 1785 1921 apti
1815 1884 1906 1911 esse
1936 1870 2139 1911 videntur.
2207 1870 2395 1910 Primum
2441 1871 2550 1910 enim
2590 1886 2672 1913 non
2712 1872 2815 1911 bene

725 1950 884 1990 dictum
931 1962 1021 1988 esse
1067 1947 1248 1987 videtur:
1296 1948 1428 1987 Troes
1476 1946 1776 1996 coenabantur‚
1820 1947 1967 1987 Graeci
2004 1960 2107 1987 vero
2155 1960 2231 1995 per
2277 1956 2405 1987 totam
2450 1956 2618 1987 noctem
2666 1947 2817 1988 lamen-

723 2026 928 2065 tabantur.
987 2025 1218 2063 Dicendum
1258 2033 1371 2063 erat:
1404 2025 1535 2063 Troes
1579 2024 1875 2074 coenabantur,
1915 2024 2096 2066 deinde
2125 2039 2252 2065 vero
2291 2026 2658 2079 dormiebant,
2689 2039 2816 2080 quum

725 2104 873 2145 Graeci
904 2112 1031 2144 totam
1062 2117 1134 2153 per
1159 2113 1321 2144 noctem
1349 2102 1688 2142 lamentarentur.
1757 2100 1840 2142 Sed
1878 2101 1981 2142 illud
2018 2117 2069 2142 ne
2107 2117 2250 2144 verum
2296 2102 2462 2157 quidem
2499 2116 2593 2143 esse
2634 2101 2812 2151 videtur,

727 2190 854 2221 totam
905 2194 979 2228 per
1021 2191 1186 2220 noctem
1235 2180 1480 2220 lamentatos
1528 2193 1621 2218 esse
1669 2181 1848 2220 Graecos
1889 2180 1941 2218 ob
1983 2181 2165 2220 Patrocli
2207 2190 2399 2219 mortem.
2459 2195 2494 2220 v.
2534 2182 2614 2220 354
2654 2188 2692 2219 et
2733 2182 2813 2220 355

725 2259 919 2312 legimus:

1195 2330 1435 2384 παννύχιοι
1464 2337 1547 2386 μὲν
1573 2333 1730 2375 ἔπειτα
1756 2329 1900 2380 πόδας
1934 2331 2070 2384 ταχὺν
2098 2329 2211 2389 ἄμφ’
2231 2329 2411 2387 Ἀχιλῆα

1189 2408 1548 2467 Μυρμιδόνες
1579 2408 1838 2466 Πάτροκλον
1866 2406 2218 2462 ἀνεστενάχοντο
2246 2412 2443 2463 γοῶντες·

669 2539 670 2542 ¹
725 2491 807 2530 hoc
839 2490 1046 2539 aptissime
1076 2489 1233 2530 dictum
1264 2502 1339 2542 est,
1369 2506 1462 2530 nam
1493 2489 1540 2529 ad
1571 2490 1855 2542 Myrmidones
1887 2491 2107 2531 Patroclus
2138 2491 2393 2539 pertint-ban
2431 2490 2651 2531 universos
2680 2501 2815 2531 autem

723 2569 909 2608 Graecos
942 2577 1059 2607 tanto
1088 2566 1210 2622 hujus
1240 2567 1317 2608 viri
1361 2567 1492 2607 luctui
1536 2582 1578 2607 sc
1623 2566 1807 2620 dedisse,
1857 2567 1955 2607 mihi
2000 2567 2168 2622 quidem
2209 2567 2464 2618 persuadere
2509 2583 2591 2608 non
2635 2582 2815 2618 possum.

724 2645 869 2703 Quum
900 2645 1031 2700 igitur
1061 2645 1161 2685 duae
1193 2659 1355 2695 causae,
1386 2647 1513 2685 altera
1544 2660 1596 2685 ex
1616 2647 1817 2685 orationis
1836 2646 1995 2701 legibus
2010 2654 2183 2700 sumpta,
2212 2647 2336 2686 altera
2365 2660 2415 2686 ex
2438 2660 2580 2686 rerum
2600 2656 2814 2702 gestarum

725 2721 809 2761 fido
839 2723 985 2772 petita,
1015 2738 1082 2764 vv.
1113 2724 1208 2764 314.
1240 2724 1320 2764 315
1350 2734 1560 2772 suspectos
1578 2723 1767 2772 reddant,
1798 2736 1870 2763 eos
1900 2738 1922 2763 a
1946 2724 2225 2773 compositore
2253 2724 2304 2764 ad
2333 2725 2517 2765 lacunam
2547 2725 2815 2774 supplendam

725 2797 877 2840 infelici
908 2808 1059 2841 conatu
1090 2797 1224 2841 factos
1257 2814 1346 2841 esse
1377 2800 1720 2842 existimaverim.
1782 2799 1899 2841 Sicut
1929 2811 2060 2841 autem
2086 2802 2125 2840 in
2149 2799 2191 2842 Τ
2214 2800 2322 2842 libro
2355 2798 2535 2856 μήνιδος
2550 2796 2812 2857 ἆπόῤῥησις,

723 2876 781 2915 ita
818 2876 860 2915 in
903 2875 947 2916 Σ
979 2878 1117 2931 clypei
1163 2878 1390 2927 descriptio
1437 2879 1614 2930 epyllion
1654 2877 1904 2919 constituere
1941 2879 2115 2928 videtur,
2157 2880 2268 2934 quod
2306 2882 2415 2920 inter
2453 2881 2814 2930 praestantissimas

723 2952 857 2994 Iliadis
885 2960 1018 3004 partes
1049 2954 1140 3007 jure
1170 2955 1373 2995 numerari
1404 2954 1542 3005 possit.
