2997 3778
288 752 425 822 Hanc
455 782 776 836 qualemcunque
806 779 1091 834 scriptionem,
1121 793 1247 835 quam
1274 779 1461 833 Haupfii,
1495 778 1547 821 V.
1566 779 1627 820 Cl.
1644 777 1796 821 scholis
1826 780 1878 820 ad
1897 779 2003 821 haec
2033 778 2168 821 studia
2188 778 2382 820 incitatus

288 861 537 917 jamdudum
579 862 718 902 animo
756 861 954 915 concepi,
999 859 1126 902 hodie
1163 860 1351 902 virorum
1388 859 1702 915 philologorum
1737 860 1927 901 manibus
1964 860 2133 901 tradere
2171 859 2384 901 constitui.

289 939 435 998 Quum
465 938 654 979 Berolini
683 938 884 993 degerem
914 937 1095 993 mihique
1123 937 1197 978 ille
1226 938 1314 991 ipse
1347 936 1424 988 vir,
1452 936 1520 977 cui
1549 919 1777 991 plurimum
1807 951 1854 978 ea
1867 951 1993 992 quam
2006 944 2264 978 tractaturus
2290 950 2383 977 sum

290 994 476 1072 quaestio
507 1016 651 1070 debet,
687 1015 995 1065 Lachmannus,
1039 1024 1085 1056 ut
1127 1023 1217 1055 erat
1244 1015 1452 1057 benevolo
1482 1027 1583 1070 erga
1613 1013 1901 1055 adolescentes
1930 1014 2082 1063 animo,
2125 1014 2384 1068 permisisset

287 1102 335 1135 ut
377 1107 677 1149 nonnunquam
717 1106 811 1134 eum
846 1093 1139 1142 convenirem,
1179 1092 1263 1133 dixi
1299 1092 1361 1147 ei,
1404 1105 1473 1132 me
1500 1091 1660 1132 habere
1689 1092 1914 1148 quaedam,
1958 1105 2066 1148 quae
2109 1091 2162 1131 de
2203 1091 2384 1147 genuina

287 1171 421 1211 Iliadis
447 1170 584 1213 forma
613 1185 709 1211 cum
738 1185 811 1220 eo,
850 1170 991 1226 judice
1019 1170 1201 1224 optimo,
1244 1169 1554 1212 communicare
1595 1170 1765 1212 vellem.
1828 1170 1912 1211 Sed
1953 1170 2159 1224 opusculo
2195 1169 2383 1210 noudum

287 1249 552 1303 perscripto,
580 1249 731 1292 morbo
761 1257 976 1303 correptus
1005 1247 1070 1289 vir
1097 1247 1165 1289 ille
1193 1246 1456 1289 doctissimus
1493 1245 1611 1289 obiit.
1675 1247 1819 1303 Itaque
1860 1260 1967 1303 quae
2002 1246 2268 1288 Lachmanno
2304 1254 2385 1286 tra-

289 1326 393 1367 dere
423 1340 508 1367 nou
538 1325 669 1381 potui,
697 1339 745 1367 ea
773 1338 886 1367 nunc
915 1325 1092 1381 reliquis
1119 1325 1343 1381 philologis
1371 1324 1534 1366 tradere
1577 1323 1683 1364 mihi
1723 1323 1863 1365 liceat.
1932 1324 1964 1364 Ii
1997 1323 2197 1379 judicent,
2241 1332 2383 1365 utrum

289 1404 488 1443 nunnulla
517 1412 635 1444 recte
675 1418 698 1443 a
737 1417 805 1443 me
841 1403 1046 1457 disputata
1083 1416 1172 1444 esse
1208 1402 1443 1449 videantur,
1474 1415 1550 1443 nec
1580 1415 1656 1452 neg
1692 1416 1787 1442 nam
1823 1403 1867 1441 in
1900 1400 1965 1442 his
2004 1402 2125 1443 rebus
2155 1416 2382 1458 numquam

289 1494 375 1521 non
407 1494 584 1532 errasse,
610 1480 652 1520 id
680 1481 749 1521 vix
779 1479 1055 1522 subtilissimis
1087 1479 1277 1536 ingeniis,
1309 1478 1461 1521 nedum
1490 1479 1603 1531 mihi,
1631 1491 1875 1520 concessum
1905 1491 1999 1520 esse
2029 1479 2154 1520 duco.

1318 1558 1352 1599 Ι.

490 1635 551 1674 Ac
587 1634 770 1688 primum
809 1634 976 1689 quidem
1019 1634 1070 1674 de
1110 1635 1181 1676 lib.
1211 1637 1270 1675 111.
1312 1636 1510 1675 nonnulla
1552 1648 1778 1689 exponam,
1820 1636 1862 1674 in
1900 1650 1986 1691 quo
2026 1644 2066 1676 et
2104 1637 2298 1676 Helenam
2339 1645 2382 1677 et

291 1712 502 1751 Priamum
534 1724 558 1750 e
586 1710 766 1765 genuino
795 1712 974 1750 carmine
1005 1711 1234 1765 ejiciendos
1277 1724 1388 1760 esse,
1426 1720 1555 1760 recte,
1593 1719 1641 1752 ut
1678 1712 1783 1752 mihi
1819 1712 1988 1766 quidem
2027 1713 2211 1763 videtur,
2248 1714 2383 1753 Lach-

292 1803 467 1829 mannus
497 1789 711 1841 judicavit.
767 1791 832 1828 De
861 1791 1014 1830 Helena
1043 1803 1142 1830 mox
1172 1789 1326 1840 dicam3
1364 1801 1475 1828 nunc
1514 1802 1623 1844 quae
1664 1788 1716 1828 ad
1744 1788 1960 1828 Priamum
1991 1789 2200 1842 pertinent
2239 1791 2384 1831 consi-

292 1866 501 1907 deremus.
559 1866 639 1908 Vv.
674 1866 887 1918 103-110‚
919 1867 1131 1915 116-120,
1162 1866 1365 1907 245-313
1393 1865 1464 1905 has
1496 1864 1551 1906 ob
1570 1878 1731 1918 causas,
1759 1865 1867 1906 sicut
1888 1864 2188 1919 Lachmannus‚
2216 1867 2384 1920 spurios

293 1944 413 1986 duco.
485 1945 715 2000 Postquam
759 1958 799 1984 v.
831 1945 883 1986 73
931 1943 1169 1984 Alexander
1211 1942 1479 1998 jurisjurandi
1522 1943 1776 1986 mentionem
1822 1943 1942 1993 fecit,
1992 1957 2080 1999 quo
2123 1942 2240 1985 finita
2292 1959 2385 1986 cum

292 2023 482 2063 Menelao
512 2035 654 2076 pugna
682 2030 856 2078 utraque
886 2035 986 2076 gens
1016 2034 1107 2061 sese
1137 2020 1384 2062 ohstrictura
1413 2030 1522 2061 esset
1550 2020 1599 2060 ad
1628 2034 1775 2076 pacem
1799 2019 2056 2069 firmandam,
2089 2035 2156 2063 vv.
2190 2023 2269 2065 103
2292 2037 2385 2079 sqq.

295 2098 365 2139 ubi
396 2098 443 2139 de
474 2093 616 2153 ὅρκοις
642 2111 815 2152 prorsus
837 2097 1013 2139 diversis
1044 2105 1086 2137 et
1115 2106 1234 2138 ante
1262 2112 1447 2153 pugnam
1463 2097 1665 2139 faciendis
1681 2098 1889 2139 Menelaus
1915 2099 2113 2154 loquitur,
2143 2099 2387 2140 nonnullam

297 2184 468 2217 movent
498 2174 826 2218 admirationem,
888 2173 1051 2235 Quodsi
1082 2188 1182 2215 vero
1212 2182 1360 2229 postea
1392 2189 1458 2216 vv.
1489 2176 1571 2218 269
1603 2190 1697 2231 sqq.
1729 2175 1932 2230 legimus,
1966 2177 2111 2232 quibus
2142 2177 2388 2218 describitur

295 2253 492 2293 universa
519 2251 800 2305 jusjurandum
829 2251 1018 2306 patrandi
1045 2253 1169 2302 ratio,
1215 2259 1256 2292 et·
1284 2252 1448 2308 quoties
1478 2252 1548 2293 hic
1575 2253 1652 2293 sibi
1679 2262 1912 2308 repugnent
1955 2263 2105 2308 poetae
2134 2254 2263 2296 verba
2292 2255 2386 2294 dili-

296 2338 446 2384 genter
475 2328 790 2370 consideramus
821 2328 924 2382 (vid.
937 2329 1109 2369 Lachm.
1124 2329 1336 2370 Betracht.
1359 2345 1400 2385 p.
1424 2331 1495 2384 16)
1526 2344 1664 2372 nonne
1692 2345 1773 2387 pro
1804 2340 1921 2373 certo
1950 2331 2042 2373 fere
2071 2331 2383 2384 affirmabimus,

297 2419 440 2446 omnes
477 2406 571 2446 illos
609 2406 748 2456 locos,
793 2406 835 2445 in
880 2406 1033 2461 quibus
1071 2402 1192 2462 ὅρκοι
1231 2415 1342 2448 ante
1382 2421 1566 2463 pugnam
1600 2410 1889 2463 reperiuntur,
1930 2410 2225 2465 suppositicios
2267 2411 2387 2451 esse?

298 2481 381 2522 Sed
412 2495 495 2523 non
527 2481 779 2523 confirmare
808 2492 967 2524 tantum
998 2498 1044 2524 ea
1061 2498 1166 2539 quae
1181 2483 1467 2526 Lachmannus
1498 2486 1758 2541 sagacissime
1774 2485 1940 2540 reperit,
1973 2498 2121 2526 verum
2138 2486 2191 2527 de
2207 2487 2383 2538 ratione,

301 2574 382 2614 qua
412 2559 637 2600 universus
668 2560 697 2603 l.
726 2561 783 2605 ΠΙ.
812 2562 1069 2615 compositus
1099 2563 1164 2617 sit,
1193 2575 1321 2617 pauca
1349 2562 1485 2603 dicere
1526 2562 1630 2602 mihi
1668 2562 1709 2601 in
1740 2563 1877 2603 animo
1908 2571 1991 2613 est3
2028 2577 2111 2618 qua
2140 2564 2183 2602 in
2211 2578 2260 2605 re
2289 2578 2387 2620 prae

300 2636 449 2678 ceteris
480 2651 546 2676 vv.
577 2638 656 2677 245
689 2650 783 2692 sqq.
815 2645 970 2679 attenta
1000 2640 1185 2680 lectione
1227 2640 1376 2696 dignos
1406 2652 1496 2681 esse
1528 2639 1650 2689 duco,
1693 2653 1821 2694 quum
1862 2641 1902 2678 in
1933 2641 1981 2679 iis
2020 2640 2102 2679 duo
2143 2642 2240 2690 sint,
2279 2656 2385 2698 quae

301 2715 352 2756 ad
379 2723 668 2770 argumentum
698 2724 888 2756 nostrum
918 2717 1137 2771 pertinent.
