3045 4018
1509 260 1577 266 -
1721 233 1785 280 16
1929 221 1999 269 ’-

898 375 945 421 4)
973 372 1061 412 Jam
1092 370 1144 412 de
1174 380 1366 428 quarto
1395 372 1597 414 decimo
1637 374 1821 415 carmine
1859 373 2055 417 nonnulla
2090 373 2289 426 dicamus,
2330 378 2444 434 quod
2471 379 2653 435 primum
2679 382 2721 423 in
2747 383 2790 426 Λ

697 451 801 493 libro
836 450 1000 506 aliquot
1029 449 1143 493 locos
1173 450 1487 505 complectitur:
1528 452 1745 506 497-520‚
1789 453 2020 503 558-664,
2061 454 2277 509 763·766,
2318 456 2536 511 786-791,
2568 459 2787 505 804-848.

698 526 988 569 Lachmannus
1019 539 1162 568 versus
1192 528 1287 570 792.
1317 528 1399 569 793
1428 541 1511 570 non
1540 528 1690 584 tetigit,
1719 542 1827 585 quos
1858 536 1991 570 tamen
2020 541 2067 571 ex
2096 543 2247 586 magno
2277 539 2322 572 ut
2348 531 2406 572 ita
2422 532 2559 575 dicam
2577 537 2787 594 naufragio

701 606 929 646 servandos
960 618 1050 646 esse
1080 605 1258 663 negabit,
1287 606 1361 661 qui
1390 618 1564 657 mecum,
1594 606 1758 646 omissis
1801 607 1850 644 iis
1895 619 2001 662 quac
2038 605 2324 646 Lachmannus
2363 608 2590 649 omittenda
2621 612 2790 667 judicat,

694 683 880 724 Nestoris
911 682 1137 724 orationem
1169 683 1293 738 leget.
1352 682 1493 741 Quum
1524 683 1632 722 enim
1667 696 1812 723 versus
1844 684 2048 724 794-803
2078 696 2155 737 pro
2183 684 2334 738 spuriis
2362 684 2509 725 habeat
2539 691 2606 739 (p.
2636 690 2725 741 64),
2751 690 2785 729 is

695 772 893 800 versuum
923 759 1026 798 ordo
1056 759 1265 799 nascitur:

1060 839 1142 877 79⁰
1662 829 1758 874 ἀλλ’
1786 832 1850 874 ἔτι
1880 836 1952 873 καὶ
1983 833 2064 874 νῦν

1165 914 1288 953 ταῦτ’
1316 913 1459 957 εἴποις
1482 907 1649 966 Ἀχιλῆι
1682 910 1908 966 δαΐφρονι,
1937 912 2062 953 αἴκε
2091 913 2295 967 πίθηται.

1166 992 1230 1037 τίς
1258 988 1296 1029 δ’
1325 987 1408 1030 οἶδ’
1435 988 1482 1029 εἴ
1504 989 1577 1030 κὲν
1607 986 1653 1029 οἵ
1681 986 1765 1030 σῦν
1793 986 1973 1042 δαίμονι
2003 989 2188 1043 θυμὸν
2217 984 2429 1045 ὀρίναις

1165 1062 1427 1123 παρειπῶνς
1457 1061 1607 1121 ἀγαθὴ
1636 1064 1682 1108 δὲ
1712 1068 1994 1123 παραίφασίς
2020 1064 2145 1110 ἐστιν
2171 1065 2360 1123 ἑταίρου.

1057 1148 1138 1189 804
1171 1143 1227 1193 ὥς
1257 1141 1394 1201 φάτο,
1424 1145 1484 1200 τῷ
1514 1143 1552 1185 δ’
1580 1139 1667 1200 ἄρα
1697 1142 1883 1198 θυμὸν
1913 1143 1978 1187 ἐνὶ
2010 1141 2257 1201 στήθεσσιν
2287 1141 2438 1202 ὄρινε
2452 1162 2490 1188 ν.

692 1225 734 1265 id
766 1224 882 1279 quod
910 1222 1016 1264 ferri
1045 1238 1128 1264 non
1158 1237 1285 1278 posse
1314 1230 1429 1277 puto.
1489 1222 1572 1262 Sed
1601 1235 1678 1262 cur
1708 1237 1789 1263 non
1823 1235 1967 1264 versus
1996 1225 2090 1264 792.
2118 1225 2198 1265 793
2224 1231 2267 1264 et
2283 1223 2395 1277 ipsos
2421 1223 2643 1278 ejiciamus,
2674 1239 2780 1280 quos

691 1316 743 1342 ex
768 1300 809 1343 Ο
837 1303 1026 1345 403.404
1055 1300 1137 1342 huc
1167 1299 1392 1341 translatos
1422 1312 1513 1340 esse
1544 1298 1821 1340 crediderim?

894 1381 1121 1419 Praeterea
1151 1393 1202 1417 ex
1234 1379 1260 1419 l.
1293 1376 1335 1418 Ο
1366 1391 1511 1418 versus
1541 1378 1744 1418 390-413
1773 1377 1854 1416 huc
1886 1376 2120 1430 pertinent,
2162 1378 2203 1417 in
2239 1393 2322 1432 quo
2351 1378 2447 1419 loco
2478 1377 2579 1419 mihi
2608 1379 2779 1433 quidem

692 1457 795 1497 iilud
826 1457 978 1496 mirum
1010 1469 1101 1497 esse
1131 1455 1318 1504 videtur,
1359 1453 1472 1510 quod
1513 1467 1641 1509 quum
1695 1455 1893 1494 iterum
1931 1453 2015 1508 jam
2065 1455 2394 1510 expugnaverint
2433 1455 2607 1510 Trojani
2653 1455 2781 1496 Grae-

692 1548 841 1575 corum
874 1543 1023 1584 castra,
1053 1533 1239 1575 Patrocli
1268 1546 1483 1574 sermones
1525 1545 1619 1571 cum
1650 1531 1726 1572 hac
1764 1545 1812 1571 rc
1843 1532 2009 1572 minime
2051 1532 2255 1587 quadrare
2299 1534 2505 1587 videntur,
2543 1549 2648 1589 quos
2683 1514 2781 1589 post

689 1613 936 1666 priorem
968 1612 1174 1652 moenium
1207 1610 1557 1665 expugnationem
1589 1609 1717 1649 multo
1747 1609 1928 1662 aptiores
1966 1609 2098 1649 fuisse
2136 1611 2354 1651 contendet
2415 1611 2567 1652 Contra
2615 1611 2707 1652 libri
2737 1612 2784 1654 Ξ

690 1690 869 1741 initium,
897 1689 972 1729 nisi
1002 1688 1173 1743 egregie
1202 1687 1338 1739 fauor,
1370 1686 1502 1740 aptius
1529 1685 1585 1724 ihi
1616 1686 1843 1740 legeretur,
1878 1684 1947 1725 ubi
1980 1686 2166 1739 Apolline
2202 1687 2418 1740 adjuvante
2449 1688 2615 1741 Trojani
2651 1689 2779 1729 Grae·

690 1780 838 1806 corum
871 1766 1032 1806 moenia
1064 1765 1232 1804 diruunt
1262 1765 1308 1812 (l.
1337 1762 1415 1812 Ο).
1458 1762 1522 1805 Cf.
1550 1762 1599 1805 Ξ
1628 1764 1674 1802 15

1425 1837 1626 1894 ἐρέριπτο
1658 1838 1702 1879 δὲ
1735 1843 1872 1889 ιεΐχος
1895 1835 2088 1890 Ἀχαιῶν

689 1935 785 1961 cuni
816 1920 857 1961 0
888 1923 961 1962 :361

1426 1994 1573 2050 ἔρειπε
1604 1995 1647 2037 δὲ
1683 1999 1820 2046 τεῖχος
1847 1996 2032 2046 Ἀχαιῶν

1158 2071 1256 2129 ῥεῖα
1284 2070 1387 2126 μάλ’

686 2160 825 2212 ltaque
857 2157 1036 2196 sortasse
1078 2167 1219 2195 versus
1248 2153 1466 2197 Ξ,1-··26
1507 2153 1612 2193 inter
1655 2152 1845 2192 decimi
1888 2153 2068 2207 quarti
2121 2152 2313 2193 carminis
2361 2153 2591 2208 fragmenta
2637 2168 2778 2195 nunne-

685 2233 803 2273 randi
834 2242 939 2273 sunt.

884 2310 1029 2350 Finitis
1059 2318 1191 2350 autem
1222 2309 1283 2356 iis,
1332 2324 1435 2364 quae
1478 2308 1527 2348 de
1565 2309 1679 2348 libris
1712 2307 1751 2348 ,1
1787 2310 1798 2348 Ι
1835 2330 1888 2339 --
1919 2306 1960 2348 0
1993 2309 2067 2349 591
2103 2309 2384 2362 disputaturus
2424 2323 2554 2358 eram,
2596 2310 2772 2351 tabulam

681 2389 911 2441 subjiciam,
947 2400 1054 2441 quae
1085 2395 1125 2426 et
1151 2386 1434 2425 Lachmannus
1463 2386 1678 2439 quomodo
1709 2385 1787 2423 hos
1817 2385 1944 2423 libros
1974 2385 2015 2423 in
2046 2386 2228 2424 carmina
2258 2385 2542 2436 distribuerit,
2580 2401 2773 2443 quaeque

677 2466 781 2505 mihi
810 2466 927 2505 aliter
960 2464 1217 2518 disponenda
1246 2476 1336 2501 esse
1368 2464 1596 2511 videantur,
1627 2461 1869 2515 patefaciet3
1913 2475 2018 2515 quae
2061 2462 2197 2500 tabula
2238 2463 2343 2501 hanc
2374 2472 2491 2503 certe
2521 2465 2574 2503 ob
2606 2478 2772 2504 causam

680 2551 854 2595 accepta
883 2543 962 2581 erit
992 2542 1041 2580 iis
1071 2542 1143 2596 qui
1175 2541 1280 2579 hanc
1309 2539 1580 2592 scriptionem
1612 2540 1765 2593 legent,
1806 2539 1901 2592 quia
1940 2539 2037 2592 quid
2072 2539 2360 2579 Lachmannus
2393 2541 2588 2592 voluerit,
2617 2543 2772 2595 optime

676 2629 770 2659 ante
801 2624 947 2659 oculos
977 2622 1109 2672 ponit.

1044 2709 1073 2737 a
1134 2696 1349 2745 (Lachm.)
1912 2697 1917 2782 Ι
2195 2696 2224 2735 b

826 2776 862 2815 ,4
925 2778 975 2814 l-
1015 2777 1062 2816 '11
1100 2788 1230 2814 earm.
1260 2775 1299 2813 X
1329 2773 1518 2822 (Lachm.
1549 2789 1588 2826 p.
1620 2775 1694 2822 37)

890 2855 974 2894 72-
1012 2854 1066 2893 83
1097 2852 1250 2906 interp.
1284 2857 1347 2905 (p.
1379 2852 1452 2904 37)

888 2931 1066 2971 84-192
1098 2944 1223 2969 carm.
1254 2931 1292 2968 X
1324 2934 1386 2982 (p.
1420 2931 1494 2980 38)
