2978 4069
1061 319 1130 327 ..
1274 292 1343 340 19
1479 318 1550 327 .-

265 431 495 487 scripsisse.
553 431 744 492 Quorum
772 431 972 472 nonnulla
1000 435 1064 486 (p.
1094 431 1164 473 68.
1194 432 1270 481 69)
1299 438 1383 471 tam
1425 430 1536 472 male
1578 444 1674 472 cum
1715 431 1886 489 reliquis
1924 432 2149 473 cohaerere
2185 431 2359 486 judicat,

268 519 313 551 ut
341 510 390 550 iis
420 508 563 564 ejectis
585 509 813 565 paucisque
840 509 1004 551 mutatis
1033 521 1178 549 rerum
1206 508 1518 565 verborumque
1547 520 1699 548 nexum
1731 508 1937 564 aptiorem
1966 508 2220 551 reddendum
2265 521 2359 550 esse

270 593 449 627 censeat.
507 588 593 634 Qua
623 586 678 626 de
705 599 754 628 re
784 600 915 642 quum
945 587 995 627 ab
1022 598 1075 627 eo
1104 584 1315 635 differam,
1356 593 1399 625 et
1437 587 1524 639 ejus
1562 585 1746 626 rationes
1776 597 1986 640 exponam
2016 594 2058 626 et
2084 600 2218 627 meam
2248 598 2359 643 quae

271 663 530 706 contrarium
559 663 714 706 docere
740 663 932 717 tentabit,
959 662 1327 703 ratiocinationem
1347 661 1506 703 addam.
1562 663 1697 718 Negat
1725 671 1862 704 autem
1872 663 1926 705 V.
1945 663 2007 704 cl.
2023 663 2198 719 intelligi
2214 677 2356 719 posse,

271 740 487 798 quomodo
515 740 631 795 Aiax,
659 749 882 796 postquam
912 739 1084 795 reliquis
1115 737 1292 780 navibus
1321 738 1498 794 ipsoque
1533 738 1625 792 ejus
1663 739 1703 779 in
1743 753 1824 796 qua
1857 748 1948 780 erat
1984 740 2167 781 tabulato
2197 740 2358 790 relicto,

271 819 314 859 in
343 818 554 874 remigum
583 818 668 869 (vel
697 826 744 857 ut
773 815 942 874 quidam
971 815 1193 872 explicant,
1221 816 1263 855 in
1291 814 1612 872 gubernatoris]
1642 829 1856 856 scamnum
1895 830 1941 857 se
1975 818 2153 872 recepit,
2195 831 2247 858 ex
2277 831 2359 858 una

270 896 343 937 illa
372 907 481 937 nave
510 908 593 935 non
622 894 730 935 hanc
757 895 890 935 solam
919 894 993 934 sed
1020 895 1062 933 in
1092 894 1334 935 universum
1362 906 1508 935 omnes
1537 893 1766 935 defendere
1786 895 1984 948 potuerit,
2014 909 2158 952 neque,
2189 895 2231 935 id
2246 895 2358 952 quod

270 973 534 1025 existimares,
561 972 651 1012 telis
681 972 721 1011 in
751 971 892 1013 hostes
922 971 1058 1026 jactis,
1089 971 1164 1013 sed
1190 971 1379 1013 cominus
1408 970 1522 1011 hasta
1562 970 1751 1012 feriendo
1786 966 2005 1022 (οὗτᾶζων
2032 986 2116 1012 non
2146 969 2359 1028 βάλλων).

273 1049 472 1090 Concedo
501 1049 661 1102 optime
693 1049 775 1088 dici
803 1049 992 1103 potuisse
1020 1063 1059 1088 v.
1090 1051 1172 1089 743
1200 1047 1324 1108 κοίλῃ·
1348 1046 1424 1088 ἐπὶ
1452 1050 1526 1103 νηί
1553 1054 1611 1099 (p.
1634 1051 1710 1099 69)
1743 1063 1837 1089 nam
1869 1050 1920 1090 de
1950 1064 2030 1090 una
2063 1059 2222 1090 tantum
2252 1064 2359 1092 nave

275 1128 413 1182 agitur
441 1125 518 1175 (cf.
552 1125 600 1165 Π
627 1127 663 1175 l,
694 1125 736 1167 0
766 1127 847 1166 704
876 1131 1000 1181 sqq.)‚
1030 1125 1104 1165 sed
1133 1136 1175 1165 et
1204 1140 1241 1165 v.
1272 1127 1348 1167 731
1383 1134 1425 1165 et
1453 1140 1492 1168 v.
1522 1127 1606 1167 743
1633 1126 1711 1164 hac
1740 1127 1791 1166 de
1830 1139 1953 1167 causa
1983 1127 2081 1166 mihi
2110 1127 2236 1168 falsus
2266 1142 2358 1168 esse

271 1219 357 1245 non
386 1204 556 1244 videtur
588 1204 768 1257 pluralis
797 1216 1002 1255 numerus,
1031 1204 1124 1258 quia
1153 1217 1240 1242 eam
1272 1215 1420 1243 navem
1451 1217 1575 1258 quam
1604 1205 1883 1256 Trojanorum
1912 1217 2109 1258 proceres
2150 1205 2361 1262 aggredie-

271 1283 423 1322 bantur
463 1280 729 1321 defendendo
772 1280 1004 1320 universam
1035 1280 1216 1329 classem,
1246 1281 1321 1319 nisi
1352 1279 1519 1335 egregie
1549 1278 1687 1328 fallor,
1726 1280 1828 1333 Ajax
1866 1281 2063 1321 tuebatur.
2133 1284 2216 1321 Res
2257 1282 2360 1321 mihi

270 1359 381 1398 haud
409 1359 531 1398 aliter
560 1370 648 1399 sese
677 1357 832 1396 habere
850 1357 1025 1406 videtur,
1056 1370 1102 1396 ac
1132 1358 1166 1396 si
1188 1357 1280 1411 quis
1302 1356 1463 1397 moenia
1479 1356 1704 1396 defendere
1732 1357 1901 1406 dicatur,
1932 1359 2004 1412 qui
2032 1359 2074 1397 in
2094 1372 2174 1397 una
2197 1367 2359 1400 tantum

270 1436 377 1475 turri
408 1435 602 1474 adversus
631 1433 769 1474 hostes
797 1434 904 1473 hanc
934 1433 1111 1472 maxime
1140 1433 1427 1488 aggredientes
1464 1441 1637 1486 pugnet.
1696 1435 1749 1473 Ut
1793 1433 1884 1473 fieri
1925 1436 2048 1483 solet,
2092 1449 2174 1475 non
2206 1435 2359 1476 eodem

271 1520 459 1566 tempore
498 1511 650 1566 ubique
686 1509 855 1564 Trojani
885 1522 1012 1549 naves
1046 1509 1369 1564 aggrediuntur,
1412 1509 1486 1549 sed
1534 1518 1693 1550 certum
1747 1510 1954 1564 quendam
2001 1512 2141 1551 locum
2188 1512 2360 1552 summis

272 1588 432 1629 viribus
462 1599 623 1643 urgent,
656 1602 741 1642 quo
771 1596 895 1641 capto
927 1594 1065 1627 cetera
1092 1587 1174 1641 jam
1205 1586 1365 1626 facilius
1395 1587 1507 1626 vinci
1535 1599 1658 1640 posse
1686 1596 1872 1640 sperant3
1912 1587 1945 1626 is
1975 1588 2116 1643 igitur,
2144 1589 2218 1644 qui
2245 1589 2359 1629 hunc

273 1668 409 1708 locum
438 1665 635 1715 defendit,
666 1665 806 1705 omnia
833 1672 985 1704 tuetur.
1055 1665 1276 1704 Praeterea
1305 1664 1358 1704 cf.
1388 1664 1439 1704 Π
1466 1664 1544 1704 113
1574 1677 1698 1719 quem
1742 1677 1908 1705 versum
1951 1679 2071 1705 nemo
2114 1666 2359 1707 emendavit.

271 1745 363 1784 Jam
393 1744 445 1783 ad
473 1743 645 1784 alteram
676 1741 934 1781 Lachmanni
963 1741 1167 1781 rationem
1213 1755 1278 1781 me
1308 1752 1534 1788 converto;
1579 1755 1765 1796 pugnare
1807 1742 1968 1782 scilicet
2010 1743 2121 1784 inter
2161 1758 2203 1784 se
2230 1743 2360 1797 βέλεα

276 1836 313 1862 ν.
341 1821 423 1863 727
454 1829 494 1860 et
522 1819 635 1875 quod
666 1834 703 1859 v.
735 1820 830 1860 745.
862 1820 943 1859 746
973 1812 1161 1858 οὗτοῖσαι
1203 1819 1358 1859 dicitur
1385 1818 1518 1875 Ajax3
1557 1819 1636 1858 hoc
1674 1818 1783 1857 enim
1813 1832 1906 1858 eum
1938 1820 2116 1860 voluisse
2145 1831 2185 1861 et
2209 1824 2362 1863 brevis-

273 1898 374 1938 sima
402 1912 484 1952 qua
516 1908 681 1950 semper
710 1895 769 1935 uti
799 1895 904 1935 solet
930 1895 1058 1949 ipsius
1088 1896 1222 1937 oratio
1251 1896 1433 1936 indicare
1462 1896 1638 1944 videtur,
1667 1905 1708 1935 et
1736 1897 1942 1950 Hauptius
1973 1898 2202 1952 confirmat7
2233 1913 2360 1955 quem

274 1982 445 2029 propter
474 1973 578 2013 hanc
602 1973 733 2026 ipsam
767 1984 933 2011 causam
965 1972 1087 2012 etiam
1118 1972 1168 2012 ΙΙ
1197 1959 1389 2014 102-111
1418 1972 1571 2027 ejicere
1601 1972 1792 2026 cognovi.
1851 1975 1929 2013 Hic
1971 1974 2019 2014 ad
2051 1974 2359 2017 distinctionem

274 2052 324 2091 ab
354 2049 595 2090 Aristarcho
624 2049 732 2088 inter
761 2043 962 2097 οὗτάζειν
992 2058 1035 2089 et
1062 2046 1242 2102 βάλλειν
1273 2052 1538 2090 constitutam
1584 2061 1832 2102 provocans,
1861 2050 1956 2089 inde
1985 2067 2006 2089 a
2028 2066 2066 2094 v.
2084 2054 2164 2092 709
2179 2068 2361 2108 pugnam

275 2131 464 2168 cominus
492 2125 645 2166 factam
677 2125 853 2165 describi
886 2135 1044 2179 monet,
1072 2127 1139 2166 cui
1175 2128 1345 2166 minime
1385 2127 1614 2167 convenire
1640 2124 1770 2179 βέλεα
1808 2127 1849 2165 in
1888 2127 2060 2180 Ajacem
2100 2130 2222 2182 jacta.
2282 2132 2363 2171 Sed

274 2218 529 2260 quamquam
561 2202 705 2243 melius
736 2203 855 2241 etiam
886 2202 1034 2252 habeo,
1065 2216 1149 2258 quo
1179 2203 1282 2243 mihi
1296 2203 1522 2257 Hauptium
1539 2203 1726 2243 refutare
1756 2216 1878 2257 posse
1897 2203 2046 2244 videor
2061 2215 2362 2261 argumentum,

274 2284 397 2323 liceat
426 2292 562 2321 tamen
592 2281 714 2319 alium
746 2280 950 2333 quendam
983 2279 1139 2320 afferre
1170 2281 1320 2332 locum‚
1359 2281 1409 2320 de
1437 2295 1521 2334 quo
1560 2279 1737 2319 fortasse
1778 2279 1932 2334 ambigi
1969 2291 2119 2334 potest.
2192 2285 2364 2340 Legitur

275 2360 386 2399 enim
417 2358 468 2400 N
492 2360 573 2400 550
603 2373 695 2413 sqq.

735 2430 985 2485 Ἀντίλοχος
1016 2433 1053 2474 δ’
1080 2431 1318 2489 ἐπόρουσε,
1349 2437 1420 2474 καὶ
1451 2432 1604 2474 αἴνυτο
1635 2428 1774 2483 τεύχε’
1803 2427 1887 2473 ἀπ’

1916 2429 2048 2486 ὤμων

738 2517 1029 2557 παπταίνων·
1067 2514 1211 2569 Τρῶες
1240 2512 1284 2555 δὲ
1318 2510 1591 2568 περισταδὸν
1616 2507 1971 2559 ἄλλοθενᾶλλος

739 2588 974 2643 οὔταζον
1004 2588 1139 2638 σάκος
1167 2586 1269 2647 εὗρὺ
1301 2587 1568 2638 παναίολον,
1601 2582 1693 2629 οὔδ’
1720 2585 1933 2629 ἐδύναντο

741 2671 847 2711 εἴσω
875 2666 1128 2727 ἐπιγράψαι
1161 2671 1314 2725 τέρενα
1343 2666 1455 2725 χρόα
1485 2667 1598 2724 νηλέι
1627 2667 1773 2724 χαλκῷ

731 2744 1013 2800 Ἀντιλόχου·
1043 2750 1143 2804 πέρι
1174 2745 1255 2804 γάρ
1285 2746 1341 2802 ῥα
1372 2737 1638 2789 Ποσειδάων
1665 2746 1915 2798 ἐνοσίχθων

740 2828 965 2885 Νέστορος
994 2826 1091 2870 υἱὸν
1120 2827 1245 2884 ἔρυτο
1275 2832 1347 2868 καῖ
1377 2826 1425 2869 ἓν
1455 2828 1659 2870 πολλοῖσι
1687 2829 1963 2883 βέλεσσιν.

473 2905 551 2943 Hic
578 2918 678 2945 sane
692 2905 942 2949 scholiasta:
965 2909 1039 2946 καὶ
1068 2904 1116 2946 ἐν
1134 2905 1339 2946 πολλοῖσι
1371 2905 1594 2959 βέλεσσιν]
1623 2909 1696 2946 καῖ
1725 2904 1774 2947 ἐν
1793 2910 1890 2954 ταῖς
1917 2904 2090 2957 ἄλλαις.
2120 2906 2170 2952 οὖ
2188 2908 2269 2967 γὰρ
2283 2913 2363 2954 νῦν

272 2976 499 3032 βάλλεται,
531 2975 626 3019 ἄλλ’
652 2975 894 3030 obtigerat.
929 2979 1118 3032 τάχιστα
1148 2981 1227 3037 τὴν
1256 2981 1478 3037 ἐνέργειαν
1497 2977 1634 3022 αι”τοῧ
1659 2979 1910 3035 δεδήλωκεν.
1934 2985 2079 3037 (Bekk.
2098 2988 2128 3025 11
2145 2989 2225 3028 375
2244 3003 2266 3027 a
2282 2991 2362 3040 26)

1905 3068 1955 3099 3‘
