3084 4114
1503 357 1571 365 -
1712 331 1777 377 12
1918 356 1985 365 .-

694 470 831 510 minus
858 469 1162 509 Lachmannum
1190 482 1356 526 sequar,
1385 470 1626 524 impediunt.
1683 471 1859 510 Primum
1879 469 1981 510 enim
2000 469 2123 509 valde
2152 470 2388 525 languidum
2404 471 2501 511 mihi
2523 484 2612 512 esse
2632 472 2794 513 videtur

697 547 813 604 quod
841 546 886 586 id
915 546 1031 602 quod
1059 560 1127 588 vv.
1160 548 1252 589 106.
1286 548 1361 588 107
1394 547 1547 588 dictum
1579 557 1652 599 est,
1678 547 1758 601 jam
1788 561 1851 588 vv.
1885 548 1977 589 125.
2017 547 2093 588 126
2121 547 2341 600 repetitur3
2379 545 2471 604 qua'
2491 549 2532 589 in
2574 563 2622 590 re
2652 549 2791 590 vitium

697 624 841 680 augeri
868 633 999 678 patet,
1028 623 1062 661 si
1094 637 1160 662 vv.
1194 624 1395 663 118-124
1444 623 1645 663 delentur.
1713 623 1873 661 Deinde
1913 636 2014 662 vero
2056 636 2109 661 ne
2155 623 2196 660 in
2241 625 2506 680 sequentibus
2547 626 2711 684 quidem
2748 626 2792 665 id

697 702 811 756 quod
837 701 1120 739 Lachmaunus
1146 701 1359 738 constituit
1388 713 1547 737 carmen
1576 702 1766 737 omnibus
1795 710 1909 738 caret
1938 699 2261 738 difficultatibus.
2331 702 2384 741 V.
2420 704 2496 741 118
2534 705 2658 742 Asius
2697 705 2795 742 sini-

697 790 820 817 stram
848 778 1011 816 navium
1039 787 1196 829 partem
1226 777 1486 829 aggreditur,
1517 778 1585 814 ubi
1614 778 1892 815 Lachmannus
1919 786 2080 830 portam
2110 790 2191 813 non
2222 789 2313 814 esse
2343 787 2482 830 putat3
2518 790 2634 819 recte
2666 782 2794 836 igitur

696 872 737 897 v.
771 859 847 897 154
879 856 1027 895 eodem
1056 855 1137 896 hoc
1166 860 1264 896 loco
1296 856 1446 896 Graeci
1476 856 1527 894 de
1559 856 1764 895 moenibus
1793 865 1998 909 puguant;
2037 854 2107 893 sed
2136 855 2209 909 qui
2238 853 2331 893 fieri
2359 864 2523 908 potest,
2561 867 2604 896 ut
2642 856 2792 897 ibidem

697 949 735 974 v.
755 935 834 975 182
850 948 944 989 sqq.
959 935 1168 975 Leonteus
1195 941 1235 972 et
1247 934 1503 988 Polypoetes
1533 943 1653 971 ante
1682 932 1841 972 moenia
1859 930 1969 971 sint?
2025 934 2130 982 Non,
2159 941 2278 985 puto,
2309 933 2468 971 moenia
2484 933 2792 984 transiluerunt,

695 1013 839 1067 itaque
868 1022 1030 1066 portam
1058 1012 1118 1050 ibi
1146 1011 1275 1050 fuisse
1304 1020 1430 1064 patet.
1459 1033 1514 1040 —
1542 1011 1659 1063 Ego,
1699 1021 1741 1048 ut
1772 1022 1912 1048 verum
1942 1008 2085 1056 fatear,
2129 1009 2206 1048 alia
2245 1022 2291 1048 re
2330 1008 2539 1049 offendor.
2599 1011 2791 1052 Suaserat

696 1089 956 1143 Polydamas,
985 1099 1029 1130 ut
1059 1087 1230 1140 Trojani
1260 1086 1311 1126 de
1341 1086 1531 1126 curribus
1561 1085 1886 1139 descenderent3
1933 1085 2048 1139 quod
2092 1085 2307 1126 consilium
2344 1101 2426 1128 non
2465 1086 2595 1127 solum
2635 1089 2793 1128 Hector

698 1165 900 1221 sequitur,
934 1178 1073 1206 verum
1102 1163 1220 1204 etiam
1249 1162 1398 1218 reliqui
1429 1161 1614 1216 Trojani,
1646 1177 1682 1202 v.
1713 1164 1787 1204 82:

1167 1234 1268 1281 οὐδὲ
1298 1241 1380 1292 μὲν
1408 1234 1534 1279 ἄλλοι
1571 1237 1714 1294 Τρῶες
1742 1236 1813 1294 ἐφ’
1839 1239 1998 1281 ἵππων
2026 1235 2311 1296 ἢγερέθοντο,

1167 1312 1263 1357 ἀλλ’
1292 1312 1386 1357 ἀπὸ
1414 1313 1619 1363 πάντες
1649 1311 1860 1371 ὄρουσαν,

693 1397 790 1435 Mox
818 1395 847 1434 ii
878 1395 950 1449 qui
981 1393 1291 1442 descenderant,
1334 1394 1375 1432 in
1414 1393 1600 1447 quinque
1646 1404 1786 1445 partes
1828 1392 2033 1432 distributi
2064 1393 2282 1433 Hectorem
2311 1405 2552 1447 sequuntur.
2612 1395 2788 1435 Tertiam

694 1470 818 1510 Asius
839 1470 963 1510 ducit.
1023 1470 1142 1530 Quis,
1157 1470 1232 1524 qui
1248 1470 1352 1509 haec
1367 1480 1518 1509 attente
1547 1470 1710 1522 legerit,
1737 1478 1879 1521 postea
1899 1478 2061 1520 poetam
2091 1465 2197 1506 feret
2226 1478 2473 1509 narrantem:
2505 1480 2597 1508 tunc
2629 1471 2785 1526 reliqui

693 1546 862 1598 Trojani
892 1546 1105 1586 consilium
1148 1546 1252 1584 illud
1283 1547 1417 1585 secuti
1455 1557 1572 1596 sunt⁷
1616 1557 1837 1599 excepto
1873 1546 2014 1584 Asio.
2074 1545 2156 1602 Qui
2200 1560 2259 1583 me
2303 1547 2442 1595 audit,
2491 1562 2555 1587 vv.
2587 1550 2639 1587 82
2663 1572 2683 1578 -
2711 1551 2785 1589 107

695 1623 848 1660 delebit
881 1631 921 1661 et
949 1623 1060 1676 leget

1086 1697 1140 1736 80
1168 1693 1225 1740 ὣς
1253 1692 1372 1748 φάτο
1402 1695 1712 1748 Πουλυδάμας,
1743 1695 1824 1737 ἅδε
1854 1697 1892 1736 δ’
1910 1694 2083 1751 ’.Έκτορι
2113 1698 2258 1748 μῦθος
2285 1695 2493 1752 timiama.

1163 1769 1322 1815 αὐτίκα
1353 1772 1390 1815 δ’
1418 1773 1463 1824 ἐξ
1493 1770 1632 1825 ὀχέων
1662 1772 1744 1816 σὺν
1772 1773 1976 1825 τεύχεσιν
2004 1769 2112 1815 ἆλτο
2142 1776 2324 1829 χαμᾶζε.

1055 1853 1132 1893 108
1161 1850 1257 1893 ἔνθ’
1284 1847 1410 1892 ἄλλοι
1448 1853 1591 1908 Τρῶες
1620 1852 1886 1907 τηλεκλειτοί
1914 1854 1952 1893 τ’
1979 1851 2204 1909 ἐπίκουροι

1159 1930 1291 1991 βουλῇ
1320 1928 1697 1984 Πουλυδάμαντος
1724 1927 1980 1986 ἀμωμήτοιο
2010 1932 2217 1972 πίθοντο·

1158 2004 1254 2050 ἀλλ’
1282 2005 1363 2062 οὗχ
1394 2022 1475 2051 etc.

690 2088 760 2128 Sic
790 2087 966 2127 libenter
996 2087 1221 2127 carebimus
1251 2088 1336 2138 illa,
1372 2102 1491 2142 quam
1530 2102 1654 2142 supra
1686 2088 2031 2142 vituperavimus,
2077 2089 2250 2129 duorum
2283 2101 2472 2128 versuum
2511 2087 2759 2140 repetitione
2771 2101 2783 2137 3

690 2164 950 2205 restituemus
990 2172 1122 2204 autem
1166 2174 1298 2216 aptam
1338 2164 1446 2204 inter
1491 2164 1632 2204 Asium
1677 2176 1714 2205 et
1754 2164 1975 2206 Hectorem
2017 2165 2428 2219 Polydamantemque
2468 2164 2782 2217 oppositionem.

688 2241 743 2281 Ut
774 2240 875 2280 enim
904 2253 1013 2280 nunc
1042 2239 1174 2279 omnia
1204 2240 1412 2295 leguntur,
1453 2241 1635 2295 quinque
1675 2240 1850 2294 partium
1890 2242 1931 2280 in
1975 2256 2080 2297 quas
2120 2241 2289 2297 Trojani
2325 2240 2587 2289 dividuntur,
2627 2240 2783 2279 duabus

688 2327 843 2357 tantum
874 2316 1058 2357 tribusve
1085 2328 1209 2371 poeta
1241 2317 1393 2367 utitur3
1422 2317 1594 2371 primum
1625 2318 1710 2356 Asii
1741 2317 1911 2372 agmine,
1942 2317 2086 2358 deinde
2110 2318 2302 2357 Hectoris
2332 2328 2455 2373 atque
2469 2316 2783 2370 Polydamantis

686 2391 889 2447 exercitu,
915 2393 987 2448 qui
1016 2407 1054 2433 v.
1088 2394 1166 2433 196
1196 2393 1334 2433 iisdem
1363 2394 1443 2434 inis
1476 2393 1612 2434 verbis
1642 2393 1963 2433 introducuntur
1992 2392 2143 2447 quibus
2183 2402 2297 2433 antea
2331 2397 2392 2441 (ν.
2423 2393 2499 2441 88)
2539 2406 2560 2430 a
2602 2402 2783 2447 quatuor

684 2469 858 2523 reliquis
889 2469 1071 2509 distincti
1112 2479 1241 2509 erant.
1301 2470 1514 2510 Secundae
1545 2479 1659 2510 certe
1689 2479 1730 2510 et
1760 2478 1929 2523 quartae
1960 2469 2086 2521 partis
2116 2483 2310 2524 nusquam
2340 2467 2385 2508 fit
2415 2468 2577 2508 mentio.
2639 2469 2689 2507 Iis
2711 2468 2780 2523 qui

683 2557 746 2585 me
778 2555 1008 2599 sequentur

1154 2619 1201 2660 οἳ
1227 2615 1571 2673 Πουλυδάμαντι
1603 2616 1867 2676 καῖ’Έκτορι
1898 2620 2044 2676 κοῦροι
2075 2621 2239 2662 ἕποντο

684 2712 822 2740 omnes
853 2707 972 2738 erunt
1003 2698 1190 2751 Trojani,
1220 2708 1395 2753 excepto
1428 2709 1580 2740 tantum
1611 2700 1713 2741 Asio
1755 2701 1928 2754 ejusque
1965 2699 2182 2753 militibu33
2225 2699 2265 2740 id
2305 2699 2418 2755 quod
2462 2698 2581 2739 unice
2622 2706 2778 2738 rectum

683 2790 774 2816 esse
804 2787 921 2828 puto.
950 2797 1006 2806 —
1035 2775 1165 2816 Unum
1193 2776 1309 2816 etiam
1336 2775 1466 2817 habeo
1497 2776 1613 2831 quod
1642 2776 1693 2816 ad
1723 2776 2013 2816 emendandum
2043 2775 2357 2830 pulcherrimum
2388 2789 2553 2816 carmen
2584 2775 2779 2815 conferre

680 2869 805 2911 posse
836 2856 932 2895 mihi
961 2856 1115 2899 videar.
1173 2857 1360 2896 Pertinet
1393 2857 1443 2895 ad
1474 2871 1539 2897 vv.
1570 2857 1652 2897 340
1682 2867 1723 2895 et
1753 2858 1829 2896 341
1873 2870 1982 2909 quos
2024 2857 2191 2908 spurios
2221 2869 2310 2895 esse
2346 2855 2543 2894 existimo.
2612 2853 2778 2909 Quodsi

680 2933 847 2987 genuini
875 2943 1023 2983 essent,
1053 2933 1130 2972 soli
1147 2943 1290 2973 contra
1306 2933 1597 2972 Lachmannum
1626 2933 1733 2973 litem
1750 2933 1910 2982 darent,
1939 2946 2060 2987 quum
2085 2933 2225 2986 plures
2257 2932 2379 2972 fuisse
2394 2940 2539 2985 portas
2571 2929 2775 2968 dicerent.

679 3009 756 3048 Sed
788 3009 869 3048 hoc
899 3009 1030 3062 ipsum
1058 3009 1168 3048 hunc
1198 3010 1330 3049 locum
1361 3020 1587 3063 suspectum
1615 3009 1773 3060 reddit3
1804 3022 1894 3046 nam
1925 3009 2072 3048 ceteris
2113 3009 2294 3048 omnibus
2333 3008 2438 3047 locis
2476 3007 2590 3047 unius
2625 3015 2774 3045 tantum
