3083 4118
1070 368 1140 375 -
1278 340 1345 388 23
1486 368 1555 375 ,-

1240 480 1367 523 vm.

464 560 510 598 ln
539 557 588 597 iis
618 571 724 613 quae
753 557 1039 598 Lachmannus
1085 562 1148 613 (p.
1177 558 1233 601 86
1260 558 1378 613 sqq.)
1409 557 1461 597 de
1504 557 1688 612 vestigiis
1727 557 1839 608 dicit,
1883 572 1987 614 quae
2028 559 2163 600 Iliadis
2200 559 2344 614 paullo

263 638 457 680 diversae
487 634 539 675 ab
571 648 619 675 ea
649 648 773 691 quam
802 648 910 676 nunc
938 634 1143 675 babemus
1170 635 1211 675 in
1240 634 1397 675 ultimis
1426 635 1675 676 carminibus
1705 635 1982 691 reperiuntur,
2013 637 2206 677 nonnulla
2222 638 2343 679 etiam

264 715 432 770 exponit
461 713 512 754 de
542 713 807 754 similitudine
835 726 939 769 quae
969 713 1080 753 inter
1113 712 1217 754 haec
1251 714 1435 754 carmina
1480 722 1521 755 et
1555 714 1625 755 lib.
1656 713 1699 755 E
1723 714 1947 756 intercedit
1975 718 2034 769 (p.
2064 716 2159 772 87).
2211 715 2345 773 Quam

262 791 614 847 comparationem
646 790 777 846 magis
805 790 930 831 etiam
959 789 1160 844 explicari
1176 803 1297 846 posse
1324 790 1488 846 judico.
1544 792 1635 833 Jam
1666 791 1914 848 singularem
1941 790 2171 848 significavi
2201 791 2349 832 simili-

261 869 442 911 tudinem
460 882 563 926 quae
592 869 702 909 inter
725 866 980 910 13832-834
1012 876 1052 909 et
1080 867 1347 911 0412-414
1376 869 1608 911 intercedit.
1665 870 1829 911 Horum
1848 870 2034 911 locorum
2051 870 2156 910 alter
2170 870 2343 910 alterum

260 948 404 999 fulcit3
435 954 584 987 neuter
613 946 778 985 alterius
808 958 887 1000 ope
917 946 1150 1000 destitutus,
1172 948 1267 988 satis
1296 949 1430 988 clarus
1461 955 1578 988 esset.
1640 950 1746 997 Nam
1762 948 1797 988 si
1814 960 1907 988 eum
1923 955 2083 988 tantum
2099 948 2345 988 haberemus

262 1039 384 1081 quem
416 1025 511 1067 inl.
541 1023 584 1066 E
609 1024 799 1080 legimus,
838 1025 1092 1066 nesciremus
1131 1034 1269 1068 utrum
1309 1027 1418 1068 serio
1462 1035 1504 1068 et
1543 1041 1592 1068 ex
1630 1026 1753 1067 animi
1796 1026 1999 1069 sententia
2041 1026 2230 1067 Minerva
2275 1025 2344 1065 illa

262 1103 391 1143 verba
422 1103 585 1143 diceret
613 1115 690 1142 nec
719 1115 792 1153 ne3
822 1102 856 1142 si
885 1112 1026 1143 contra
1057 1104 1190 1144 solum
1219 1103 1464 1144 haberemus
1493 1105 1593 1144 libri
1623 1104 1666 1145 Φ
1694 1104 1846 1155 locum,
1886 1119 1973 1161 quo
2008 1113 2198 1159 tempore
2235 1105 2344 1142 Mars

259 1180 429 1221 Graecis
460 1179 642 1232 favisset,
671 1181 978 1234 ignoraremus.
1037 1181 1195 1221 Junctis
1225 1194 1324 1222 vero
1354 1189 1396 1221 et
1421 1183 1530 1223 inter
1560 1195 1604 1222 se
1636 1184 1877 1236 compositis
1911 1182 2074 1222 duobus
2113 1182 2193 1221 illis
2224 1183 2344 1229 locis,

258 1258 404 1299 clarius
435 1259 514 1312 jam
544 1270 630 1298 rem
662 1270 785 1313 quam
815 1256 1063 1313 significant,
1091 1258 1401 1313 perspiciemus.
1459 1259 1673 1300 Pollicitus
1716 1260 1842 1315 igitur
1884 1269 1971 1300 erat
2021 1259 2120 1300 belli
2169 1259 2344 1313 Trojani

255 1344 444 1390 tempore
475 1337 583 1374 Mars
611 1334 766 1374 Junoni
795 1342 916 1389 atque
945 1334 1152 1374 Minervae
1185 1349 1232 1376 se
1260 1336 1446 1376 Graecos
1475 1336 1715 1391 adjuturum
1746 1349 1862 1384 esse;
1901 1345 1943 1375 at
1969 1350 2065 1375 mox
2096 1336 2269 1376 Graecis
2299 1349 2343 1375 se

258 1412 471 1467 infestum,
508 1412 700 1467 Trojanis
730 1412 906 1452 amicum
938 1414 1198 1453 monstravit.
1262 1415 1378 1453 Haec
1422 1412 1588 1453 fabulae
1627 1423 1807 1453 ceterum
1848 1415 2035 1469 ignotae,
2078 1423 2125 1453 ut
2164 1414 2344 1461 videtur,

257 1490 444 1544 vestigia,
475 1501 612 1529 nonne
641 1488 976 1543 conjunctionem
1010 1489 1213 1543 quandam
1242 1489 1351 1530 inter
1388 1490 1576 1545 quintum
1604 1491 1753 1530 librum
1798 1499 1839 1530 et
1878 1491 2046 1532 ultimos
2082 1490 2343 1531 intercedere

257 1565 469 1621 probant?
526 1566 611 1606 Sed
639 1579 723 1605 non
755 1565 887 1605 solum
917 1565 971 1606 de
997 1566 1150 1605 ultimis
1178 1566 1219 1605 in
1246 1566 1482 1607 universum
1532 1566 1612 1607 hoc
1657 1566 1880 1617 affirmare,
1923 1581 2068 1608 verum
2113 1568 2236 1608 etiam
2267 1580 2341 1607 eos

257 1646 371 1699 ipsos
402 1644 531 1683 libros
564 1642 742 1683 indicare
770 1643 881 1694 licet,
909 1642 1154 1698 quibuscum
1185 1643 1353 1699 quintus
1380 1644 1453 1682 ine
1487 1644 1844 1698 conjunctissimus
1874 1654 1947 1685 est.
2007 1646 2113 1685 Sunt
2149 1646 2190 1684 Y
2214 1655 2255 1686 et
2285 1645 2341 1685 Φ.

255 1724 297 1761 In
322 1730 505 1776 utroque
524 1720 706 1760 carmine
735 1720 789 1759 dii
821 1720 985 1774 proelio
1015 1719 1218 1759 intersunt
1229 1733 1241 1771 3
1272 1719 1313 1758 in
1343 1728 1525 1775 utroque
1544 1721 1729 1760 carmine
1758 1720 1839 1762 duo
1870 1734 2017 1761 eorum
2037 1724 2107 1778 qui
2127 1722 2341 1777 Trojano-

257 1814 352 1840 rum
382 1798 510 1840 rebus
542 1797 702 1848 favent,
735 1797 973 1838 vincuntur.
1030 1798 1132 1838 Nam
1161 1805 1206 1838 ut
1233 1798 1275 1837 in
1305 1796 1348 1839 E
1372 1797 1479 1840 libro
1509 1797 1737 1839 Diomedes
1769 1799 1941 1840 Martem
1974 1800 2188 1850 vulnerat,
2227 1800 2341 1855 adju-

257 1886 377 1918 vante
406 1877 589 1916 Minerva
620 1875 683 1925 (E
708 1876 787 1916 855
817 1881 931 1931 sqq.)
960 1876 1018 1914 sic
1049 1876 1088 1914 in
1119 1875 1164 1915 Φ
1191 1876 1297 1916 libro
1325 1876 1510 1916 Minerva
1539 1877 1640 1930 ipsa,
1670 1890 1794 1931 quam
1816 1878 1923 1917 Mars
1953 1878 2206 1933 aggreditur,
2236 1879 2339 1919 hunc

256 1957 379 1997 deum
409 1954 620 2010 profligat.
650 1956 716 2008 (Φ
744 1957 818 1997 391
853 1959 966 2009 sqq.)
1029 1954 1142 1994 Sicut
1177 1967 1277 1995 vero
1316 1955 1356 1994 in
1399 1953 1441 1994 E
1475 1956 1585 1993 Mars
1626 1954 1846 1994 clamorem
1875 1955 1985 1994 tollit
2021 1955 2151 2008 qualis
2195 1955 2337 1996 decem

256 2032 411 2072 milium
442 2032 654 2072 hominum
682 2031 827 2072 fuisset
859 2033 995 2081 (859),
1027 2031 1083 2071 sic
1111 2030 1156 2070 Φ
1179 2031 1259 2071 407
1289 2042 1366 2084 per
1405 2038 1565 2083 septem
1597 2029 1742 2083 jugera
1772 2042 1922 2082 corpus
1962 2029 2048 2082 ejus
2092 2030 2338 2085 porrigitur.

256 2113 309 2151 Et
337 2111 439 2150 sicut
468 2109 509 2150 E
534 2110 615 2150 330
645 2123 736 2163 sqq.
767 2108 911 2149 Venus
942 2122 963 2147 a
989 2107 1192 2147 Diomede
1233 2107 1495 2158 vulneratur⁷
1537 2105 1730 2146 similiter
1770 2105 1814 2145 ‹1›
1842 2107 1923 2146 480
1963 2121 2055 2161 sqq.
2095 2108 2219 2146 Diana
2255 2117 2340 2148 tur-

256 2188 425 2244 pissime
455 2200 476 2227 a
504 2187 669 2227 Junone
698 2185 879 2241 pellitur.
935 2184 1076 2225 Possit
1103 2184 1252 2241 aliquis
1281 2183 1525 2233 existimare,
1556 2194 1620 2222 me
1652 2182 1702 2222 ad
1730 2181 1864 2225 E330
1879 2195 1969 2240 sqq.
2000 2184 2182 2239 ejusdem
2200 2185 2339 2240 potius

256 2269 370 2319 deae,
399 2267 590 2316 Veneris,
620 2265 824 2308 infelicem
854 2272 1007 2308 sortem
1036 2263 1080 2305 Φ
1107 2264 1188 2305 423
1217 2275 1308 2319 sqq.
1339 2269 1540 2303 narratam
1571 2261 1808 2302 adscribere
1836 2261 2050 2313 debuisse3
2093 2262 2164 2316 qui
2201 2269 2338 2302 tamen

255 2346 410 2387 exitum
442 2344 707 2399 comparabit,
739 2355 864 2399 quem
894 2341 1073 2386 Veneris
1103 2341 1144 2380 in
1173 2340 1198 2380 l.
1230 2339 1272 2381 E
1295 2348 1334 2380 et
1361 2339 1520 2379 Dianae
1551 2339 1591 2378 in
1626 2339 1650 2381 Ι.
1682 2338 1725 2378 Φ
1755 2346 1927 2378 conatus
1958 2338 2125 2378 habent.
2167 2339 2199 2378 is
2240 2341 2338 2395 quin

256 2436 413 2464 mecum
444 2421 684 2471 consentiat,
713 2434 796 2460 non
826 2419 986 2460 dubito.
1046 2420 1151 2458 Nam
1181 2425 1228 2458 ut
1259 2416 1298 2458 E
1324 2417 1405 2458 370
1433 2416 1631 2471 legimus:

723 2493 747 2552 ᾖ
777 2496 815 2538 δ’
842 2495 891 2538 ἐν
919 2494 1102 2548 γούνασι
1135 2497 1274 2536 πῖπτε
1301 2490 1469 2547 Διώνης
1498 2491 1557 2533 δῖ’
1576 2488 1812 2548 ’,ΔἸφροὸῑτιΑΙ

254 2580 309 2621 sic
340 2580 383 2621 Φ
413 2580 492 2621 506
523 2579 694 2636 legitur:
1003 2635 1012 2640 ἱ

722 2651 998 2710 δακρυόεσσα
1029 2652 1076 2694 δὲ
1105 2648 1273 2708 πατρὸς
1300 2648 1474 2706 ἐφέζετο
1505 2644 1687 2700 γούνασι
1718 2644 1848 2703 κούρη

253 2745 295 2775 et
328 2749 449 2790 quam
482 2735 628 2774 similia
659 2743 750 2774 sunt
781 2747 885 2788 quae
914 2739 1161 2786 sequuntur:

551 2808 588 2849 E
613 2810 686 2850 371
989 2823 1013 2861 η
1044 2805 1083 2846 δ’
1109 2801 1244 2857 ἀγκὰς
1270 2801 1445 2853 ἐλάζετο
1475 2804 1699 2857 θυγατέρα
1732 2799 1780 2855 ἦν

718 2886 834 2939 χειρί
859 2885 907 2923 τὲ
933 2898 1011 2936 μιν
1038 2883 1281 2938 κατέρεξεν,
1309 2880 1414 2926 ἔπος
1444 2882 1481 2920 ἰ’
1509 2880 1636 2933 ἔφατ’
1664 2878 1709 2918 ἔκ
1741 2880 1774 2917 ι’
1803 2873 2029 2928 ὀνόμαζε-ν.

721 2965 785 3010 τίς
814 2958 867 3004 νύ
896 2974 946 3002 σε
975 2958 1115 3002 τοιάδ’
1144 2960 1276 3017 ἔρεξε,
1306 2959 1438 3015 φίλον
1467 2961 1599 3007 τέκος,
1630 2951 1951 3011 meam-{mm
