2986 4114
1459 360 1519 369 ,-
1664 333 1731 381 1⁰
1872 360 1940 367 .-

646 472 936 529 repcriuntur,
979 470 1053 511 ubi
1092 470 1248 512 rectius
1277 471 1602 527 Agamemnonis
1647 472 1775 512 verba
1819 472 1981 525 αἴσιμα
2018 481 2244 520 vocantur3
2282 471 2436 513 accedit
2481 471 2524 513 id
2559 486 2745 529 quoque,

648 551 761 608 quod
788 550 830 590 in
847 548 1009 592 Alihru
1028 549 1356 606 Agamemnonis
1377 548 1599 590 crudelitas
1620 550 1921 593 excusationem
1938 549 2059 591 hahet
2082 563 2204 605 quam
2224 562 2308 589 non
2331 547 2451 591 habet
2472 562 2619 591 nostro
2639 551 2747 594 loco.

848 630 964 671 Haec
993 626 1132 670 omnia
1160 639 1226 669 me
1253 635 1426 670 movent
1455 637 1496 669 ut
1527 624 1566 669 Z
1595 628 1618 670 5
1641 652 1660 661 -
1680 628 1732 671 72
1776 641 1852 670 nec
1880 642 1961 684 pro
1992 638 2134 671 vetere
2174 625 2382 678 carmine,
2418 641 2496 668 nec
2539 643 2618 682 pro
2656 643 2747 670 car-

647 706 774 748 minis
801 705 1038 763 fragmento
1065 703 1260 750 habeam.

1668 894 1746 935 lv.

854 1013 945 1053 Jam
974 1010 1046 1052 diu
1073 1010 1363 1052 intellexerunt
1391 1011 1472 1051 viri
1501 1012 1625 1064 docti,
1655 1013 1922 1053 decimum
1950 1015 2089 1054 Iliadis
2117 1015 2269 1054 librum
2287 1028 2369 1053 non
2393 1023 2511 1053 arcte
2528 1013 2745 1053 cohaerere

652 1105 747 1132 cum
775 1090 950 1145 reliquis
980 1089 1244 1142 carminibus,
1271 1089 1346 1129 sed
1376 1088 1578 1142 epyssion,
1611 1098 1656 1129 ut
1683 1089 1737 1130 ita
1767 1089 1916 1139 dicam,
1959 1104 2060 1137 esse,
2101 1104 2253 1130 summa
2296 1099 2381 1129 arte
2417 1087 2573 1128 factum
2605 1087 2748 1128 elabo-

652 1177 882 1222 ratumque.
941 1166 1069 1228 Quod
1099 1179 1229 1221 quum
1254 1164 1356 1205 mihi
1384 1179 1554 1220 quoque
1577 1178 1823 1219 persuasum
1841 1177 1959 1215 esset,
1992 1166 2237 1222 quaerebam
2257 1180 2355 1206 num
2375 1166 2486 1206 forte
2512 1179 2561 1206 ex
2581 1165 2746 1219 linguae

653 1258 821 1301 quoque
853 1242 1081 1284 rationibus
1109 1241 1279 1296 probari
1307 1251 1450 1297 posset
1467 1252 1581 1282 recte
1611 1242 1872 1283 doctissimos
1900 1244 2016 1285 viros
2043 1244 2152 1285 hunc
2171 1243 2335 1284 librum·
2355 1258 2376 1283 a
2403 1242 2577 1298 reliquis
2609 1241 2746 1296 sejun-

651 1323 774 1374 xisse,
802 1320 1145 1377 reperiebamque
1176 1334 1306 1375 quum
1337 1320 1415 1360 alia
1446 1335 1552 1376 quae
1579 1329 1715 1362 tamen
1747 1321 1918 1364 minoris
1947 1322 2151 1363 momenti
2180 1332 2295 1370 sunt,
2335 1332 2421 1362 tum
2462 1335 2590 1361 unum
2631 1321 2746 1376 quod

653 1401 750 1443 satis
779 1398 1046 1442 memorabile
1076 1397 1306 1440 videbatur.
1366 1398 1510 1458 Quum
1540 1400 1652 1440 enim
1688 1399 1796 1454 apud
1834 1400 2081 1456 posterioris
2124 1402 2217 1442 aevi
2260 1400 2486 1455 scriptores
2523 1400 2747 1454 proprium

653 1492 862 1520 armorum
894 1477 1149 1519 vocabulum
1178 1478 1228 1517 sit
1258 1473 1398 1527 ὅπλα,
1427 1479 1469 1517 in
1494 1478 1642 1528 Iliade,
1671 1492 1776 1533 quae
1815 1494 1924 1519 arma
1952 1481 2071 1529 canit,
2107 1493 2191 1520 non
2230 1480 2308 1519 nisi
2345 1480 2553 1519 rarissime
2594 1474 2748 1519 ὅπλων

652 1569 739 1597 vox
768 1569 882 1594 arma
910 1554 1128 1610 significat.
1157 1556 1261 1596 Loci
1293 1567 1386 1597 sunt
1419 1555 1461 1597 Θ
1490 1560 1556 1610 55,
1586 1557 1634 1597 K
1657 1557 1750 1606 254,
1781 1559 1875 1606 272,
1907 1556 1951 1598 Σ
1974 1558 2069 1612 614,
2111 1557 2153 1599 Τ
2177 1560 2245 1610 21,
2274 1556 2323 1598 Ψ
2349 1559 2402 1599 26
2413 1573 2425 1610 3
2468 1557 2618 1614 quibus
2645 1558 2747 1597 locis

653 1633 687 1672 si
717 1632 923 1672 addideris
954 1632 1036 1675 od.
1067 1647 1102 1672 ω
1130 1634 1211 1673 495
1243 1647 1403 1683 omnes,
1439 1635 1517 1674 nisi
1560 1637 1726 1691 egregie
1757 1635 1887 1684 fallor,
1926 1635 2109 1684 habebis,
2155 1636 2197 1674 in
2228 1636 2377 1692 quibus
2408 1648 2487 1677 vox
2519 1632 2639 1676 ὅπλα
2669 1648 2746 1689 pro

655 1710 805 1748 armis
835 1720 1032 1762 usurpata
1061 1710 1123 1749 sit.
1184 1712 1348 1749 Horum
1378 1711 1537 1764 primus
1568 1712 1656 1751 init.
1684 1712 1754 1750 lib.
1787 1710 1830 1751 Θ
1853 1713 2026 1768 legitur3
2072 1713 2123 1753 de
2150 1726 2233 1768 quo
2273 1713 2456 1753 carmine
2492 1712 2543 1753 cf.
2576 1712 2755 1753 Lachml

655 1802 698 1840 p.
729 1788 796 1827 23.
824 1788 902 1835 24;
935 1786 1050 1841 quod
1078 1786 1276 1840 judicium
1304 1797 1346 1826 nt
1376 1788 1526 1843 insigni
1556 1789 1690 1843 aliqua
1718 1803 1763 1828 re
1783 1789 1963 1839 fulciam,
1982 1789 2366 1845 quadringentorum
2383 1790 2531 1845 viginti
2548 1803 2749 1843 versuum⁷

657 1869 807 1922 quibus
838 1876 1013 1917 constat,
1043 1878 1210 1908 centum
1242 1877 1281 1908 et
1297 1868 1563 1923 quadraginta
1590 1869 1686 1908 alibi
1725 1882 1895 1924 quoque
1931 1869 2120 1924 reperiri,
2157 1869 2273 1908 facile
2315 1868 2591 1908 demonstrari
2624 1881 2748 1922 posse

656 1943 766 1983 addo
778 1958 790 1993 3
820 1944 864 1982 id
896 1945 1010 1999 quod
1040 1960 1123 1985 non
1153 1959 1176 1984 a
1206 1960 1271 1984 me
1308 1948 1399 1999 ipso
1435 1955 1645 1999 repertum
1679 1958 1767 1984 esse
1796 1945 1941 1984 fateor.
2012 1944 2094 2002 Qui
2133 1953 2272 1983 autem
2310 1945 2350 1982 in
2381 1942 2432 1994 Σ,
2469 1942 2518 1991 Τ,
2551 1943 2599 1984 Ψ
2636 1944 2748 1984 libris

655 2020 932 2075 reperiuntur
960 2023 1055 2073 loci,
1089 2023 1139 2061 ad
1155 2024 1337 2063 carmina
1355 2024 1573 2077 pertinent,
1603 2037 1706 2078 quae
1738 2022 1826 2062 aliis
1856 2022 1982 2063 rebus
2002 2032 2235 2063 commotus
2254 2021 2422 2061 minime
2454 2035 2549 2061 cum
2577 2022 2749 2077 reliquis

657 2100 892 2152 comparari
927 2113 1050 2152 posse
1089 2100 1372 2141 Lachmannus
1410 2117 1451 2154 p.
1482 2101 1535 2141 80
1565 2100 1778 2153 judicavit.
1835 2102 1876 2138 In
1916 2100 2119 2152 ejusmodi
2159 2109 2296 2138 autem
2337 2100 2585 2138 carminibus
2625 2110 2665 2138 et
2708 2102 2749 2139 in

657 2175 707 2217 K
736 2176 845 2217 libro
890 2177 986 2217 solis
1031 2192 1113 2219 vox
1156 2173 1278 2218 ὅπλα
1326 2193 1409 2232 pro
1450 2178 1574 2217 armis
1621 2187 1852 2231 usurpatur.
1928 2179 2077 2216 Nonne
2117 2176 2213 2216 inde
2254 2177 2448 2231 colligere
2490 2178 2607 2228 licet,
2644 2178 2750 2218 sicut

659 2253 700 2295 Θ
728 2254 859 2303 libro,
900 2255 1133 2310 ultimisque
1158 2256 1292 2295 Iliadis
1332 2256 1459 2305 libris,
1502 2258 1555 2294 ita
1586 2256 1706 2294 etiam
1739 2255 1788 2296 K
1810 2255 1918 2294 libro
1946 2254 2224 2307 posteriorem
2255 2268 2378 2308 quam
2419 2256 2594 2309 reliquis
2625 2255 2751 2310 origi-

657 2346 753 2372 nem
775 2331 1041 2372 tribuendam
1063 2333 1186 2376 esse?
1243 2333 1375 2381 Addo,
1407 2334 1534 2387 quod,
1564 2348 1693 2388 quum
1725 2333 1753 2371 ii
1784 2334 1863 2385 ipsi
1893 2332 1999 2384 libri,
2029 2332 2102 2386 qui
2133 2328 2253 2371 ὅπλα
2277 2345 2359 2370 non
2381 2346 2456 2385 pro
2478 2333 2600 2371 armis
2630 2346 2752 2371 usur-

656 2419 768 2463 pant,
795 2423 904 2450 voce
934 2404 1174 2464 ὃπλότερος
1203 2420 1335 2450 tamen
1361 2419 1538 2463 utantur,
1566 2409 1646 2449 hoc
1677 2424 1826 2449 eorum
1857 2412 2026 2450 fortasse
2067 2410 2310 2463 opinionem
2341 2408 2589 2449 confirmare
2619 2410 2751 2463 possit

658 2489 731 2542 qui
770 2481 1010 2543 ὅπλότερος
1046 2502 1130 2527 non
1166 2489 1213 2527 ab
1256 2489 1378 2527 armis
1420 2489 1491 2526 sed
1532 2502 1554 2526 a
1593 2488 1810 2542 sequendo
1852 2487 2070 2529 deducunt.
2112 2510 2165 2516 --
2204 2487 2344 2527 Liceat
2380 2487 2539 2526 minora
2580 2487 2750 2529 addere.

659 2563 745 2620 Qui
774 2564 961 2612 Iliadem,
991 2565 1098 2604 sicut
1127 2565 1436 2616 Lachmannus,
1466 2578 1516 2602 ex
1547 2564 1685 2603 multis
1715 2562 2010 2615 complurium,
2052 2561 2161 2601 haud
2192 2560 2329 2614 dubie,
2358 2572 2577 2615 poetarum
2605 2564 2753 2602 carmi-

657 2641 776 2681 nibus
803 2643 1075 2695 compositam
1094 2656 1183 2682 esse
1208 2642 1451 2691 censebunt,
1481 2655 1626 2682 eorum
1649 2641 1854 2680 interesse
1883 2638 2068 2688 debebit,
2099 2648 2144 2678 ut
2175 2651 2281 2693 quae
2307 2639 2478 2693 singulis
2501 2640 2751 2680 carminibus

657 2719 829 2773 propria
865 2718 956 2768 sint,
993 2732 1117 2772 quam
1154 2718 1321 2757 maxime
1361 2716 1625 2772 perspiciant.
1682 2716 1901 2770 Proprium
1939 2726 2000 2754 est
2038 2713 2086 2754 K
2121 2714 2219 2757 lib.:
2261 2709 2337 2763 νύξ
2367 2708 2555 2769 ὀρφναίη
2588 2720 2648 2763 (v.
2686 2717 2752 2763 84,

658 2797 753 2844 ⁶76,
791 2797 908 2845 386),
947 2795 1167 2851 singularia
1205 2807 1406 2833 armorum
1442 2794 1624 2835 nomina:
1674 2791 1817 2845 κτιδὲη
1846 2793 1942 2844 335,
1970 2793 2079 2844 458;
2117 2790 2242 2846 λυκέη
2271 2793 2374 2840 4593
2404 2794 2611 2841 καταῖτυξ
2647 2794 2752 2842 2583

657 2869 786 2916 πῖλος
815 2872 921 2917 265;
963 2870 1143 2909 formula
1181 2866 1364 2924 καμάτῳ
1405 2864 1611 2922 ἀδηκότες
1644 2871 1734 2922 (98,
1772 2871 1867 2916 312,
1904 2870 1999 2921 399,
2034 2871 2137 2918 471)
2169 2869 2373 2910 abstracta
2404 2865 2527 2915 δόσις
2558 2878 2595 2908 et
2626 2865 2753 2924 ψύξις

661 2949 777 2998 (213,
807 2949 902 2999 311,
931 2948 1026 2996 398,
1055 2948 1175 2996 447).
1233 2948 1355 2987 Haec
1385 2947 1506 2987 habui
1537 2959 1642 3002 quae
1672 2946 1726 2986 de
1755 2945 1958 2986 Doloneia
1989 2946 2179 2986 dicerem.
