3084 4114
1115 343 1176 351 ...
1320 316 1385 363 13
1527 340 1592 350 ..-

309 464 460 510 portae
488 455 648 495 mentio
677 454 736 509 fit,
766 467 897 511 eaque
928 468 1036 511 quae
1064 469 1104 496 v.
1136 457 1213 496 119
1241 456 1453 511 leguntur,
1495 454 1563 495 hic
1608 462 1761 494 tantum
1801 461 1965 508 portam
1996 450 2140 504 fuisse,
2167 452 2273 491 haud
2305 467 2394 492 am-

309 533 435 588 bigue
462 532 657 573 indicant.
714 531 902 582 Accedit,
933 532 1047 588 quod
1076 532 1175 572 mihi
1204 532 1377 588 quidem
1408 541 1504 586 post
1541 544 1591 572 τε
1628 532 1706 571 καί
1741 546 1781 574 v.
1811 531 1892 573 339
1933 533 2005 570 καὶ
2034 528 2211 570 πυλέων
2245 545 2279 569 ν.
2310 531 2393 572 340

309 610 509 666 languere
536 609 710 648 videtur.
780 609 873 658 Sed,
918 617 966 647 ut
999 609 1082 664 jam
1114 609 1212 659 dixi,
1243 610 1276 647 si
1307 623 1375 652 vv.
1406 610 1501 663 340,
1528 610 1606 649 341
1653 609 1823 666 genuini
1861 617 1969 661 sunt,
2013 608 2077 647 vel
2121 608 2199 662 ipsi
2246 616 2392 646 contra

301 676 618 724 *Lachmannum
648 694 848 742 pugnant,
876 687 948 741 qui
977 688 1056 723 nisi
1083 694 1177 724 ante
1208 687 1365 724 medias
1395 699 1520 724 naves
1550 695 1713 740 portam
1745 686 1870 723 fuisse
1900 695 2035 740 negat.

509 766 561 815 3)
588 767 655 802 De
699 764 1024 800 duodecimo
1080 764 1260 801 carmine
1311 764 1409 800 nihil
1451 764 1586 801 habeo
1630 764 1743 817 quod
1794 777 1815 799 a
1859 762 2123 798 Lachmanno
2172 763 2392 815 disputatis

308 843 370 894 (p.
401 842 576 888 48·5l)
606 840 762 879 addam.

507 919 556 964 A)
586 917 675 954 Jam
708 915 757 954 ad
790 928 957 955 carmen
989 915 1251 955 decimum
1282 917 1505 956 tertium
1532 917 1702 968 accedo,
1735 917 1847 972 quod
1865 917 2019 955 decimi
2048 917 2191 970 spoliis
2222 923 2390 954 auctum

305 994 357 1031 iri
385 1001 503 1032 antea
533 994 631 1034 dixi.
691 992 786 1050 Qua
815 993 857 1030 in
886 1006 934 1031 re
962 1006 1044 1033 non
1075 1005 1329 1048 magnopere
1358 994 1622 1035 Lachmanno
1652 994 1853 1034 adversor
1880 995 1953 1048 qui
1983 1003 2023 1033 et
2053 994 2141 1047 ipse
2178 994 2389 1032 decimum

303 1070 475 1111 tertium
507 1082 675 1111 carmen
705 1069 757 1109 ad
790 1068 998 1109 decimum
1031 1069 1256 1124 confugere
1285 1071 1415 1120 iussit,
1460 1072 1514 1112 ita
1559 1081 1693 1112 tamen
1734 1078 1780 1110 ut
1810 1085 1892 1111 non
1931 1071 2139 1112 decimum
2171 1070 2387 1123 spoliaret,

304 1148 374 1189 sed
405 1164 427 1188 a
454 1147 621 1188 decimo
658 1146 880 1189 nonnullos
922 1160 1065 1187 versus
1106 1156 1272 1187 mutuos
1313 1158 1509 1189 sumeret.
1572 1149 1687 1189 Dicit
1730 1149 1840 1189 enim
1880 1152 1945 1203 (p.
1977 1151 2084 1200 54):
2126 1147 2387 1202 „Uebrigens

304 1227 461 1267 konnte
491 1242 573 1266 von
606 1228 700 1266 dem
731 1226 909 1266 zehnten
938 1226 1049 1266 liede
1077 1227 1207 1266 soviel
1236 1228 1293 1266 als
1323 1227 1402 1266 den
1432 1227 1638 1267 zuht'irern
1668 1228 1754 1267 lieb
1787 1242 1875 1266 war
1904 1227 2246 1280 binzugesungen
2284 1239 2389 1264 wer-

304 1303 413 1343 den“
442 1327 498 1333 —-—
528 1318 607 1358 qua
638 1304 681 1343 in
710 1317 758 1343 re
786 1303 886 1343 illud
916 1311 1022 1343 tacet
1051 1303 1164 1358 quod
1192 1317 1275 1344 non
1306 1304 1438 1345 solum
1471 1303 1519 1343 ad
1548 1303 1767 1357 decimum,
1795 1303 1867 1343 sed
1893 1304 2014 1343 etiam
2046 1302 2096 1341 ad
2128 1301 2387 1341 decimum

303 1390 544 1436 quartum
589 1380 816 1434 confugere
855 1379 995 1420 debet.
1068 1379 1192 1438 Quod
1238 1389 1284 1419 ut
1327 1381 1597 1435 intelligatur,
1640 1380 1689 1419 de
1734 1380 1942 1420 decimo
1989 1381 2159 1419 tertio
2203 1378 2387 1418 carmine

302 1460 439 1510 paullo
469 1460 638 1498 uberius
670 1459 870 1512 agendum
903 1459 993 1495 erit.
1048 1458 1207 1510 Incipit,
1237 1458 1278 1495 id
1310 1459 1423 1512 quod
1454 1459 1714 1512 sagacissimi}
1743 1458 2032 1495 Lachmannus
2064 1458 2184 1508 vidit,
2212 1455 2265 1494 N
2288 1458 2384 1495 345.

300 1538 341 1573 ln
372 1535 454 1575 hoc
483 1536 588 1574 libro
618 1549 750 1589 usque
776 1535 826 1572 ad
858 1549 895 1573 v.
928 1535 1010 1573 360
1039 1534 1317 1586 continuatur,
1345 1535 1492 1573 deinde
1522 1548 1668 1574 versus
1696 1514 1746 1578 Ξ
1772 1537 1974 1575 153—369
2005 1546 2140 1587 eaque
2155 1546 2261 1588 quae
2290 1532 2386 1571 iude

301 1627 321 1651 a
353 1612 402 1654 Ξ
425 1614 505 1653 389
534 1612 742 1666 leguntur,
775 1611 826 1649 ad
854 1610 962 1649 idem
992 1623 1158 1648 carmen
1187 1611 1418 1663 pertinent3
1459 1625 1593 1665 neque
1636 1612 1861 1666 quidquam
1892 1611 2106 1664 prohibet,
2157 1610 2383 1664 quominus

299 1689 347 1730 Ξ
371 1690 451 1728 402
481 1701 586 1741 sqq,
616 1699 725 1741 quae
755 1700 776 1723 a
807 1686 1006 1723 decimo
1037 1686 1224 1725 carmine
1251 1686 1499 1740 sejungenda
1530 1700 1619 1726 esse
1649 1696 1769 1726 antea
1800 1687 1994 1734 vidimus,
2035 1688 2087 1725 ad
2124 1687 2382 1725 decimum

298 1766 515 1805 tertium
546 1763 797 1817 pertineant.
854 1764 998 1816 ltaque
1028 1762 1163 1800 omnia
1194 1776 1303 1817 quae
1339 1776 1472 1817 usque
1510 1763 1561 1801 ad
1601 1762 1726 1801 finem
1765 1764 1858 1802 libri
1888 1764 2108 1817 leguntur,
2151 1764 2190 1801 in
2233 1762 2380 1801 eodem

298 1844 476 1884 carmine
507 1852 641 1895 erunt,
669 1842 745 1882 nisi
777 1841 890 1897 quod
919 1841 970 1881 de
987 1841 1175 1880 versibus
1193 1842 1399 1881 508—522
1431 1841 1699 1881 dubitandum
1730 1842 1794 1880 sit.
1853 1841 1951 1879 Mihi
1976 1841 2144 1895 quidem
2177 1840 2215 1878 hi
2235 1853 2379 1879 versus

297 1921 517 1961 omittendi
547 1933 638 1959 esse
668 1918 878 1969 videntur,
906 1917 1052 1971 quibus
1083 1931 1154 1956 eas
1181 1917 1288 1971 ipsas
1318 1931 1385 1956 res
1425 1917 1577 1956 narrari
1622 1930 1790 1966 censeo,
1836 1930 1944 1972 quae
1986 1917 2065 1969 jam
2095 1916 2145 1958 Ξ
2168 1918 2250 1956 440
2287 1930 2379 1970 sqq.

296 1994 528 2050 descriptae
553 2003 684 2035 erant.
741 1996 782 2032 ln
814 2006 897 2050 quo
928 2006 978 2032 ne
1018 1992 1059 2032 id
1089 1991 1256 2049 quidem
1286 1991 1451 2032 silentio
1493 1991 1843 2046 praetereundum
1889 2004 1976 2031 esse
2027 1990 2217 2042 videtur,
2261 1989 2375 2046 quod

292 2071 342 2114 Ξ
367 2072 441 2111 521
471 2070 588 2111 Jovis
618 2070 751 2109 minus
780 2068 859 2108 nisi
890 2068 1016 2108 fallor
1047 2076 1143 2121 apte
1173 2067 1329 2106 mentio
1359 2066 1417 2115 fit,
1459 2079 1545 2120 quo
1581 2065 1744 2105 scilicet
1773 2065 1906 2104 invito
1937 2072 2023 2105 tota
2050 2065 2154 2105 haec
2184 2080 2323 2119 pugna
2354 2080 2375 2105 a

292 2146 488 2199 Neptuno
520 2145 691 2186 excitata
722 2153 818 2186 erat.
876 2143 985 2183 Nihil
1029 2151 1162 2183 autem
1207 2142 1527 2192 desideraretur,
1570 2140 1605 2180 si
1648 2139 1812 2179 omissis
1857 2139 2043 2180 versibus
2086 2139 2135 2183 Ξ
2159 2142 2373 2182 508-522

292 2221 350 2261 sic
380 2221 638 2276 legeremusz
1260 2220 1262 2222 ’

653 2299 732 2340 506
762 2293 818 2344 ὣς
846 2293 982 2352 φάτο,
1011 2294 1110 2343 τοὺς
1139 2295 1176 2336 δ’
1204 2292 1291 2353 ἄρα
1319 2293 1495 2342 πάντας
1525 2290 1613 2336 ῗνπό
1642 2291 1801 2350 τρόμος
1828 2293 1982 2348 ἔλλαβε
2012 2298 2129 2346 γυῖα,

757 2370 991 2428 πάπτηνεν
1018 2373 1065 2417 δὲ
1094 2375 1276 2421 ἕκαστος
1304 2370 1392 2433 ὅπῃ
1422 2370 1553 2429 φύγοι
1583 2370 1724 2414 αἰπὺν
1753 2367 1955 2427 ὄλεθρον.

637 2453 678 2494 0
711 2455 725 2494 l
761 2448 901 2508 αὗτὰρ
928 2451 1028 2494 ἐπεὶ
1057 2449 1135 2492 διά
1164 2466 1211 2492 τε
1239 2448 1462 2497 σκόλοπας
1489 2453 1563 2491 καὶ
1594 2446 1765 2505 τάφρον
1794 2448 1956 2503 ἔβησαν
1985 2474 2039 2478 ——

290 2527 372 2567 Sed
403 2528 501 2568 nihil
531 2528 708 2571 affirmo.

488 2607 673 2647 Transeo
704 2607 753 2647 ad
781 2607 934 2647 librum
967 2606 1021 2657 0,
1051 2607 1123 2647 ubi
1149 2608 1326 2661 primum
1357 2606 1524 2662 quidem
1566 2618 1616 2644 ea
1661 2617 1769 2659 quae
1814 2603 1921 2657 apud
1966 2603 2276 2642 Lachmannum
2323 2603 2365 2642 in

288 2682 470 2723 carmine
499 2684 702 2727 decimo
732 2685 944 2740 leguntur,
973 2684 1200 2725 secundum
1230 2693 1415 2725 nostram
1446 2682 1688 2736 opinionem
1729 2681 1781 2721 ad
1820 2682 2030 2721 decimum
2065 2682 2234 2721 tertium
2268 2693 2368 2734 per-

286 2759 433 2809 tinere,
466 2759 655 2802 breviter
683 2776 847 2802 moneo.
903 2763 959 2802 At
989 2762 1169 2802 carmine
1198 2761 1362 2802 decimo
1392 2775 1441 2800 ex
1481 2761 1590 2800 libro
1620 2758 1662 2800 0
1704 2760 1882 2814 rejecto,
1923 2774 2052 2814 quum
2088 2759 2368 2799 Lachmannus

286 2851 374 2876 eam
405 2845 561 2876 tantum
593 2839 646 2877 ob
676 2852 843 2878 causam
872 2841 1091 2881 nonnullos
1120 2840 1240 2880 locos
1258 2841 1299 2878 in
1320 2848 1515 2893 quartum
1533 2839 1737 2878 decimum
1770 2851 1937 2877 carmen
1967 2838 2226 2890 relegaverit,
2256 2836 2370 2890 quod

285 2927 367 2953 non
396 2914 495 2953 satis
524 2915 607 2968 apti
639 2924 735 2954 sunt
763 2916 802 2954 in
835 2916 1041 2956 decimo
1077 2919 1136 2969 (p.
1167 2917 1251 2969 42),
1282 2930 1364 2956 non
1396 2916 1529 2965 video,
1576 2929 1651 2955 cur
1695 2929 1775 2956 non
1821 2923 1859 2954 et
1902 2915 2014 2968 ipsos
2053 2914 2202 2953 addere
2244 2914 2366 2955 liceat

2630 4097 2651 4102 ⁴*
2658 4097 2689 4101 '⁷‘
2696 4097 2715 4102 ἠ
2722 4094 3084 4114 “ww
