3064 4084
1527 327 1596 334 -
1740 299 1808 347 14
1946 326 2016 334 .-

727 442 904 484 carmini
933 440 1099 481 decimo
1127 440 1269 488 tertio,
1297 438 1524 479 dummodo
1553 438 1655 477 nihil
1685 439 1938 490 contineant,
1987 439 2103 493 quod
2147 450 2242 478 cum
2270 438 2436 495 reliquis
2481 440 2601 496 hujus
2632 444 2826 485 carminis

727 519 918 575 partibus
943 525 1123 573 pugnet.
1181 514 1344 575 Quibus
1372 515 1613 569 praemissis
1642 515 1726 569 jam
1757 517 1786 558 l.
1817 514 1859 557 0
1889 516 2125 555 accuratius
2154 515 2433 569 inspiciamus.

926 594 1009 635 Hic
1039 592 1136 633 inde
1164 607 1187 633 a
1213 591 1351 647 primo
1382 604 1507 633 versu
1537 592 1713 647 Trojani
1755 600 1869 634 trans
1911 591 2066 633 fossam
2107 598 2222 634 retro
2260 592 2490 646 pelluntur,
2534 595 2650 651 qnod
2692 610 2824 652 quum

724 673 918 728 Juppiter
945 671 1073 724 videt,
1100 669 1318 711 iracundia
1348 667 1642 720 inflammatus,
1670 671 1879 710 Junonem
1908 681 2119 710 arcessere
2146 668 2264 723 jubet
2290 669 2388 710 Irim
2413 679 2542 727 atque
2568 672 2825 728 Apollinem.

728 752 918 807 Apollini
949 753 1138 806 imperat,
1168 760 1215 793 ut
1243 750 1445 791 Hectoris
1473 749 1594 790 saluti
1623 750 1826 799 consulat,
1858 749 1932 789 his
1961 747 2010 788 ad
2033 746 2272 802 Neptunum
2301 760 2323 787 e
2351 748 2515 802 proelio
2544 750 2824 792 revocandum

726 829 920 870 mittitur.
978 828 1073 868 Inde
1104 843 1126 867 a
1157 842 1196 868 v.
1227 828 1310 868 ‘236
1340 826 1493 881 Apollo
1525 826 1572 865 ad
1598 827 1829 866 Hectorem
1857 822 2085 864 accessisse
2113 831 2313 876 narratur,
2343 822 2416 878 qui
2431 822 2584 865 viribus
2611 827 2824 868 revocatis

724 918 911 960 pugnam
940 904 1104 959 repetit.
1162 901 1391 943 Praecedit
1419 915 1516 941 eum
1549 901 1704 955 Apollo
1735 899 1883 955 aegide
1911 907 2107 948 armatus,
2148 911 2276 954 quam
2319 911 2432 939 nunc
2475 900 2674 949 concutit,
2712 914 2824 943 nunc

726 982 943 1025 immotam
972 989 1102 1023 tenet.
1161 982 1325 1020 Immota
1355 978 1469 1032 aegis
1498 977 1610 1026 facit,
1641 985 1689 1016 ut
1719 972 1855 1031 aequo
1870 978 2007 1016 Marte
2027 975 2179 1017 Graeci
2207 975 2464 1031 Trojanique
2492 985 2692 1033 pugnent,
2723 991 2824 1019 con-

734 1075 850 1101 cussa
882 1074 998 1111 vero,
1026 1068 1074 1099 ut
1103 1056 1382 1110 'I'rojanorum
1412 1066 1482 1094 res
1514 1053 1710 1106 superior
1739 1052 1902 1096 evadat.
1958 1052 2137 1107 Legitur
2164 1060 2301 1093 autem
2333 1052 2429 1093 inde
2458 1066 2481 1094 a
2510 1066 2636 1095 versu
2662 1056 2766 1098 3232

1196 1130 1243 1173 οἵ
1268 1130 1307 1172 δ’
1335 1127 1394 1178 ὥς
1420 1131 1459 1171 τ’
1486 1126 1532 1186 ἦὲ
1562 1130 1680 1184 βοῶν
1710 1125 1870 1184 ἀγέλην
1900 1125 1925 1184 ’ἢ
1954 1130 2055 1171 πῶυ
2081 1131 2176 1183 μέγ’
2204 1130 2312 1174 οἰῶν

1195 1210 1307 1264 θῆρε
1337 1205 1427 1249 δύω
1457 1207 1667 1250 κλονέωσι
1697 1206 1904 1262 μελαίνης
1933 1204 2085 1255 νυκτὸς
2113 1203 2307 1265 ἀμολγῷ,

1194 1282 1372 1329 ἐλθόντ’
1399 1284 1607 1340 ἐξαπίνης
1636 1282 1909 1341 σημάντορος
1937 1280 1989 1326 οὗ
2019 1282 2284 1342 παρεόντος,

1195 1361 1252 1411 ὣς
1279 1360 1505 1420 ἐφόβηθεν
1525 1359 1699 1414 Ἀχαιοὶ
1730 1359 1977 1410 ἀνάλκιδες·
2004 1362 2054 1405 ἐν
2081 1362 2164 1419 γὰρ
2185 1359 2418 1405 Ἀπόλλων

1199 1434 1272 1494 ἧκε
1303 1435 1464 1495 φόβον,
1500 1438 1674 1495 Τρωσὶν
1703 1438 1749 1481 δὲ
1780 1443 1853 1481 καὶ
1873 1436 2046 1497 ιἝκτορι
2075 1440 2204 1488 κῦδος
2232 1436 2411 1491 ὄπαζεν.

927 1523 1014 1562 llos
1046 1533 1190 1561 versus
1219 1519 1259 1558 in
1289 1518 1441 1560 eodem
1471 1518 1672 1564 carmine,
1714 1518 1756 1557 id
1799 1519 1913 1575 quod
1957 1518 2245 1560 Lachmannus
2286 1519 2420 1560 voluit
2458 1520 2521 1574 (p.
2551 1521 2645 1569 43),
2680 1532 2820 1559 versus

725 1599 767 1641 Ο
798 1601 878 1639 515
910 1614 1005 1654 sqq.
1032 1597 1227 1652 excipere
1257 1610 1341 1636 non
1385 1604 1577 1649 possunt,
1609 1596 1757 1649 quibus
1788 1605 1898 1637 tres
1929 1597 2136 1649 'I'rojanos
2168 1605 2209 1637 et
2251 1597 2358 1636 duos
2394 1599 2581 1637 Graecos
2623 1597 2820 1637 cecidisse

725 1679 922 1719 refertur.
980 1676 1067 1736 Qui
1097 1675 1205 1714 enim
1238 1675 1358 1714 dixit:
1398 1669 1623 1728 ἐφόβηθεν
1645 1668 1819 1723 Ἀχαιοὶ
1849 1669 2082 1720 ἀνάλκιδες
2089 1704 2107 1723 ,
2137 1675 2345 1727 Trojanos
2387 1673 2553 1727 plenam
2601 1674 2820 1715 victoriam

726 1753 1010 1807 reportavisse
1055 1751 1165 1791 haud
1212 1750 1335 1790 dubie
1373 1750 1638 1789 existimavit.
1721 1750 2005 1808 Quamobrem
2054 1748 2243 1790 versibus
2286 1750 2368 1789 328
2407 1763 2500 1804 sqq.
2547 1762 2691 1789 carere
2737 1764 2820 1790 non

727 1844 973 1883 possumus,
1024 1842 1130 1883 quos
1172 1843 1247 1867 cur
1278 1827 1572 1868 Lachmannus
1614 1827 1914 1880 repudiaverit,
1957 1840 2039 1866 non
2078 1828 2178 1866 satis
2217 1828 2422 1881 intelligo.
2489 1828 2605 1867 Dicit
2632 1831 2692 1881 (p.
2724 1829 2819 1880 43):

724 1910 877 1955 „Jetzo
909 1909 1075 1945 miissen
1108 1903 1375 1958 nothwendig
1406 1903 1600 1943 einzelne
1631 1903 1800 1956 lziimpfe
1830 1903 1997 1958 folgent
2038 1904 2136 1943 aber
2179 1903 2269 1944 dass
2313 1905 2353 1943 in
2394 1904 2478 1945 den
2518 1905 2712 1945 niichsten
2740 1919 2821 1944 nur

725 1987 861 2025 Troer
890 1984 1047 2038 siegen‚
1076 1984 1129 2022 ist
1158 1980 1383 2034 unrichtig‚
1412 1981 1507 2020 weil
1541 1982 1578 2034 ja
1619 1981 1694 2020 ‹ler
1724 1982 1825 2021 Gott
1859 1980 1926 2020 die
1964 1981 2054 2035 iigis
2096 1980 2196 2021 auch
2249 1981 2330 2021 stin
2375 1981 2475 2023 hielt
2516 1982 2597 2023 318
2640 1982 2722 2022 und
2760 1982 2820 2022 sie

724 2061 839 2101 nicht
867 2061 1018 2100 immcr
1046 2058 1306 2099 schiittelte.“
1365 2059 1419 2096 At
1449 2058 1605 2110 Apollo
1636 2070 1726 2095 eam
1755 2058 1885 2110 ipsam
1916 2057 1972 2097 ob
2002 2070 2092 2096 rem
2123 2072 2144 2095 a
2172 2058 2276 2098 Jove
2304 2057 2453 2098 missus
2485 2068 2575 2099 crat
2603 2067 2647 2099 ut
2670 2059 2820 2113 Troja-

725 2151 800 2177 nos
832 2135 1055 2188 adjuvaret,
1085 2133 1128 2173 id
1146 2132 1272 2188 quod,
1305 2132 1384 2172 nisi
1415 2145 1617 2173 concussa
1645 2133 1796 2187 aegide,
1828 2133 1920 2173 fieri
1952 2148 2034 2174 non
2058 2134 2218 2187 potuit3
2247 2135 2390 2189 itaque
2413 2148 2663 2191 quamquam
2683 2150 2720 2175 v.
2738 2137 2819 2175 318

724 2216 881 2255 dictum
914 2222 989 2262 est,
1013 2211 1251 2267 quomodo,
1284 2209 1431 2264 aegide
1470 2209 1652 2259 immota,
1682 2219 1908 2265 pugnatum
1940 2212 2006 2260 sit,
2043 2221 2081 2252 et
2118 2226 2184 2252 res
2215 2212 2303 2265 ipsa
2340 2212 2462 2254 docet
2497 2227 2587 2253 eam
2627 2228 2723 2255 mox
2765 2214 2817 2253 ab

723 2293 920 2346 Apolline
951 2303 1192 2332 concussam
1226 2301 1330 2336 esse,
1361 2296 1400 2327 et
1418 2288 1642 2328 verborum
1673 2288 1871 2328 decursus
1904 2289 2013 2329 idem
2034 2299 2079 2329 ut
2108 2289 2351 2343 judicemus,
2381 2303 2627 2346 cogerenos
2645 2292 2817 2332 videtur.

1085 2369 1169 2407 :HS
1200 2360 1320 2420 ὄφρα
1349 2367 1430 2417 μὲν
1459 2363 1613 2416 αἰγίδα
1642 2369 1793 2420 χερσῖν
1824 2364 1885 2416 ἔχ’
1912 2361 2083 2421 ἀτρέμα
2111 2366 2273 2420 Φοῖβος
2294 2361 2542 2418 Ἀπόλλων,

1194 2439 1343 2498 τόφρα
1369 2439 1473 2495 μάλ’
1500 2437 1766 2498 ἀμφοτέρων
1794 2442 1904 2497 βέλε’
1933 2440 2113 2499 ἥπτετο,
2143 2447 2282 2485 πῖπτε
2314 2443 2358 2486 δὲ
2390 2442 2508 2492 λαός·

1194 2516 1339 2574 αἶ’τὰρ
1368 2519 1468 2560 ἐπεὶ
1498 2521 1737 2560 κατένωπα
1766 2519 1874 2560 ι’ὄών
1904 2521 2098 2561 ,Ιαναῶν
2126 2518 2404 2572 ταχυπώλων

1194 2597 1325 2645 σεΐσ’,
1354 2594 1431 2635 ἐπὶ
1462 2594 1500 2634 δ’
1527 2591 1663 2643 αὗτὸς
1693 2593 1805 2637 ἅυσε
1833 2597 1956 2650 μάλα
1983 2600 2112 2651 μέγα,
2139 2602 2258 2638 τοῖσι
2288 2598 2334 2638 δὲ
2364 2596 2516 2650 θυμόν

1192 2672 1242 2715 ἐν
1272 2672 1520 2728 στήθεσσιν
1549 2673 1720 2724 ἔθελξε,
1752 2673 1951 2717 λάθοντο
1981 2676 2026 2717 ds
2056 2674 2266 2731 θούριδος
2296 2673 2440 2731 ἀλκῆς.

927 2755 1074 2793 Nonne
1105 2752 1263 2792 verbis:
1292 2746 1435 2806 αὗτὰρ
1464 2749 1564 2791 ἐπεὶ
1596 2753 1635 2791 id
1665 2756 1778 2809 quod
1810 2755 2030 2793 maximum
2059 2762 2133 2806 est,
2160 2755 2365 2795 introduci
2393 2756 2539 2809 patet?
2596 2755 2819 2810 Equidem,

722 2843 777 2870 ne
808 2830 909 2883 quid
938 2829 1068 2868 exiis
1107 2843 1215 2882 quae
1259 2830 1393 2869 sentio
1439 2839 1610 2880 taceam,
1654 2832 1801 2886 aegide
1840 2844 1923 2870 non
1955 2846 2059 2885 opus
2110 2834 2236 2871 fuisse
2276 2841 2379 2886 puto
2423 2834 2474 2872 ed
2509 2834 2616 2872 duos
2644 2837 2822 2874 Graecos

722 2905 1045 2956 interficiendos,
1079 2905 1113 2945 si
1140 2906 1419 2959 Troianorum
1450 2908 1515 2947 vel
1544 2916 1622 2948 tres
1655 2908 1769 2948 viros
1800 2916 1978 2949 mortem
1996 2917 2203 2963 oppetere
2232 2924 2403 2952 necesse
2434 2920 2538 2953 erat.
2570 2935 2620 2943 —
2644 2910 2823 2954 Videtur

723 2993 859 3024 autem
877 2998 1048 3024 carmen
1070 2982 1277 3022 decimum
1295 2983 1465 3024 tertium
1485 2985 1677 3025 versibus
1702 2985 1783 3025 illis
1801 2986 1903 3034 (328
1915 3010 1942 3016 -
1955 2987 2055 3036 360:
2080 3002 2171 3027 nam
2191 2987 2310 3029 locus
2326 2988 2397 3043 qui
2410 2988 2602 3044 sequitur
2616 2990 2696 3032 367
2711 2990 2822 3031 -380

0 4057 1788 4084 mQ—Q-ssfflsm
1818 4082 1822 4084 ,
1865 4083 1868 4084 ⁷
