2820 3793
1261 26 1334 37 ..-
1473 0 1506 46 4
1645 0 1716 37 -’.

380 165 384 169 -
425 137 636 194 implorat,
661 150 769 194 quae
798 147 894 179 eum
923 136 1138 180 renovatis
1163 135 1323 180 viribus
1351 136 1395 180 in
1424 138 1637 193 proelium
1663 137 1851 182 remittit.
1919 139 2029 181 Tum
2071 152 2176 183 vero
2219 140 2325 183 mira
2364 149 2526 197 pugnat

425 212 686 265 fortitudine,
711 212 956 255 Pandarum
979 213 1201 265 interimit,
1219 217 1420 267 Aeneam,
1435 214 1664 264 Venerem,
1684 214 1942 271 Apollinem,
1966 217 2143 258 Martem
2160 216 2526 259 vehementissime

427 301 560 349 urget.
613 291 774 334 Inserta
803 298 902 333 sunt
931 290 1110 334 aliorum
1147 305 1320 348 quoque
1357 291 1531 336 heroum
1573 305 1735 349 pugnae
1776 305 1824 333 ac
1866 292 1992 335 fortia
2035 294 2156 344 facta,
2198 294 2256 335 ita
2302 305 2436 337 tamen
2479 304 2528 335 ut

428 382 596 425 semper
616 368 668 410 ad
680 367 934 411 Diomedem
949 368 1130 410 narratio
1157 368 1305 410 redeat
1333 378 1377 411 et
1404 369 1610 412 mirabilis
1644 369 1774 425 ipsius
1795 381 1891 411 cum
1901 371 2031 413 Marte
2058 385 2198 427 pugna
2228 372 2410 414 universi
2437 386 2526 413 car-

425 446 553 491 minis
588 446 718 490 finem
761 447 1002 497 constituat.
1074 447 1302 503 Aptissime
1338 447 1470 504 igitur
1506 449 1591 504 jam
1634 463 1656 490 a
1699 447 1913 491 veteribus
1951 447 2036 491 boc
2076 462 2244 491 carmen
2281 445 2529 506 Διομήδους

427 520 635 582 ἃριστεία
664 534 950 582 nuncupatum
977 534 1054 567 est.
1112 524 1198 567 Sed
1237 540 1322 567 non
1360 534 1444 567 tam
1482 526 1564 567 late
1598 526 1730 581 patuit
1767 525 1979 567 veteribus
2009 526 2233 569 Diomedis
2280 528 2455 582 aristeia,
2483 538 2526 569 ut

428 617 477 645 ea
506 603 647 645 omnia
685 603 1044 657 complecteretur
1089 617 1198 659 quae
1240 604 1530 645 Lachmannus
1576 605 1707 660 quinti
1745 605 1938 645 carminis
1976 601 2148 647 nomine
2185 607 2528 661 comprehendit;

425 678 552 721 immo
609 693 709 722 vero
764 695 857 723 eam
913 680 1043 736 ipsius
1093 691 1258 735 partem
1316 693 1423 735 quae
1475 679 1691 722 Diomedis
1749 694 1817 722 res
1867 690 2004 737 gestas
2049 681 2262 736 praecedit
2300 682 2351 723 ab
2396 683 2528 724 altera

427 756 697 812 sejunxerunt
747 767 788 800 et
843 765 994 816 quarto
1049 757 1159 798 libro
1215 756 1473 797 addiderunt.
1571 757 1857 799 Lachmannus
1909 766 2053 799 contra
2124 758 2221 799 inde
2284 774 2305 800 a
2368 761 2408 801 Δ
2445 761 2527 802 422

430 849 566 890 usque
621 836 673 877 ad
712 836 753 877 Z
791 836 878 876 init.
933 848 1063 875 unum
1119 846 1287 874 carmen
1346 833 1618 875 continuavit.
1703 836 1759 875 At
1804 836 2040 890 quaeritur,
2094 850 2195 876 num
2252 838 2345 878 veri
2394 838 2529 879 simile

429 912 498 965 sit,
525 921 611 955 tam
640 914 815 969 longum
846 912 978 966 (1032
1008 925 1079 954 vv.
1111 912 1244 968 cont.)
1281 919 1446 967 tamque
1485 911 1610 951 variis
1655 919 1849 953 ornatum
1893 912 2095 968 episodiis
2135 926 2305 955 carmen
2349 914 2530 969 simplici

428 990 505 1031 illo
533 999 730 1044 tempore
756 986 813 1031 'ab
843 1003 929 1030 uno
958 997 1087 1043 poeta
1117 997 1327 1030 cantatum
1357 1001 1473 1039 esse,
1515 988 1583 1028 cui
1612 989 1675 1028 rei
1704 1003 1833 1043 quum
1873 990 1966 1043 jam}
1992 990 2199 1045 Hauptius
2241 991 2405 1032 mederi
2444 1001 2528 1033 stu·

429 1066 585 1120 (luerit,
623 1066 732 1108 baud
767 1066 821 1108 ita
848 1079 1009 1122 paucos
1039 1079 1185 1107 versus
1214 1064 1441 1119 ejiciendo,
1480 1079 1556 1105 nos
1595 1078 1767 1121 quoque
1810 1065 1968 1106 mederi
2008 1066 2293 1117 studebimus,
2331 1082 2377 1109 ea
2419 1083 2527 1123 quae

427 1152 587 1184 restant
616 1144 835 1198 diligenter
866 1143 1144 1183 examinando
1183 1142 1515 1197 quaerendoque
1550 1149 1691 1181 utrum
1731 1142 1869 1182 omnia
1905 1150 2022 1183 recte
2060 1143 2154 1184 huic
2196 1145 2372 1185 carmini
2403 1145 2529 1185 adnu-

427 1229 645 1263 merentur
674 1233 755 1262 nec
783 1232 850 1261 ne.
907 1219 1062 1261 Medias
1091 1219 1229 1260 statim
1263 1219 1306 1259 in
1346 1232 1411 1260 res
1449 1219 1652 1260 lectorem
1691 1217 1920 1273 abripiam.
1968 1219 2267 1277 inspiciamque
2307 1237 2375 1264 vv.
2406 1224 2488 1264 596
2507 1246 2527 1255 -

428 1300 510 1341 702
540 1298 610 1339 lib.
642 1296 692 1340 E·
749 1297 880 1340 Videt
907 1296 1150 1346 Diomedes,
1179 1298 1355 1338 Martem
1396 1296 1470 1337 sub
1499 1295 1678 1338 hominis
1717 1296 1859 1352 specie
1900 1297 2182 1353 'I‘rojanorum
2223 1300 2331 1340 aciei
2370 1300 2529 1355 adesse,

430 1377 655 1434 statimque
684 1386 847 1419 terrore
876 1376 1094 1432 perculsus
1120 1388 1217 1416 suos
1247 1375 1415 1430 proelio
1444 1374 1664 1424 desistere,
1703 1382 1819 1416 retro
1859 1374 2035 1427 cedere,
2076 1377 2281 1419 abstinere
2327 1392 2349 1418 a
2386 1392 2526 1434 pugna

430 1470 527 1497 cum
557 1455 638 1497 diis
666 1454 786 1509 jubet
813 1455 1002 1510 (-606).
1059 1454 1232 1509 Jamque
1260 1451 1428 1507 Trojani
1457 1451 1632 1503 adsunt3
1660 1453 1820 1494 Hector
1837 1452 2095 1495 Graecorum
2126 1454 2230 1498 duos
2260 1456 2370 1498 viros
2400 1456 2528 1498 inter-

428 1533 530 1584 ficit,
558 1535 665 1588 Ajax
695 1534 976 1588 Trojanorum
1017 1546 1161 1572 unum.
1230 1530 1500 1585 Tlepolemus
1540 1543 1634 1571 cum
1679 1530 1926 1585 Sarpedone
1967 1546 2150 1587 pugnam
2196 1534 2438 1582 committit,
2487 1544 2527 1576 et

428 1619 654 1666 postquam
695 1610 929 1664 Sar-pedoni
973 1622 1104 1664 grave
1143 1608 1295 1650 vulnus
1340 1606 1505 1657 inflixit,
1550 1608 1642 1662 ipse
1679 1607 1803 1648 cadit.
1886 1609 1942 1649 At
1980 1623 2047 1649 vv.
2079 1611 2209 1652 699-
2231 1612 2313 1653 702
2353 1611 2524 1653 dicitur:

430 1690 616 1729 Graeci
646 1688 808 1728 Marti
839 1694 891 1728 et
916 1686 1143 1726 Hectori
1172 1686 1320 1725 nullo
1352 1685 1505 1726 modo
1551 1685 1878 1726 resistebant
1916 1686 2005 1726 sed
2047 1695 2199 1728 retro
2241 1689 2528 1742 cedebant,

430 1781 489 1808 ex
520 1782 624 1823 quo
655 1768 885 1806 Martem
915 1763 1172 1818 Trojanis
1202 1763 1389 1804 adesse
1418 1763 1599 1803 edocti
1629 1772 1805 1803 erant.
1864 1764 1899 1803 A
1931 1778 2112 1819 quonam
2144 1765 2315 1806 edocti?
2360 1770 2395 1806 A
2425 1767 2527 1808 Dior

429 1846 567 1899 mede⁷
606 1844 678 1899 qui
708 1844 822 1883 solus
855 1842 933 1892 (cf.
966 1856 1005 1881 v.
1041 1843 1133 1883 127.
1167 1842 1267 1889 128)
1304 1841 1404 1880 deos
1447 1841 1700 1895 dignoscere
1738 1849 1918 1894 poterat,
1953 1841 2127 1882 humana
2164 1845 2305 1897 specie
2344 1844 2524 1884 indutos.

432 1924 514 1963 Sed
543 1922 676 1963 multo
706 1930 827 1962 antea
857 1926 947 1970 (vv.
979 1920 1061 1961 604
1082 1942 1104 1949 ·-
1124 1919 1228 1967 606)
1257 1918 1406 1958 Graeci
1433 1917 1514 1959 hoc
1543 1933 1564 1957 a
1589 1918 1795 1959 Diomede
1831 1918 1966 1959 edocti
2002 1928 2136 1960 erant.
2208 1922 2346 1976 Itaque
2386 1922 2523 1963 salso

428 2015 497 2040 vv.
529 2001 624 2041 701.
653 2000 734 2041 702
780 1998 929 2038 Graeci
960 1996 1158 2037 dicuntur
1186 2011 1271 2037 non
1298 1995 1502 2036 restitisse
1533 2008 1591 2035 ex
1634 2009 1737 2050 quo
1768 1995 1819 2036 de
1850 1997 1980 2036 Marte
2018 1997 2128 2051 apud
2158 1998 2368 2053 Trojanos
2404 2013 2525 2054 prae·

430 2086 548 2118 sente
585 2078 788 2118 certiores
825 2076 922 2116 facti
962 2084 1093 2115 erant.
1160 2075 1267 2113 Nam
1311 2073 1515 2114 resistunt
1553 2087 1617 2115 vv.
1657 2074 1884 2123 607-699,
1929 2073 2034 2127 Ajax
2074 2077 2360 2131 Trojanorum
2400 2091 2524 2117 unum

429 2156 624 2199 interficit
654 2164 697 2195 et
726 2170 765 2196 v.
796 2155 878 2197 627
907 2161 1029 2208 poeta
1059 2152 1180 2193 dicit:

948 2228 1005 2278 ὣς
1034 2228 1081 2272 οἵ
1106 2233 1187 2284 μὲν
1214 2231 1431 2272 πονέοντο
1461 2226 1576 2270 κατὰ
1605 2226 1815 2285 κρατερὴν
1844 2224 2032 2285 ὑσμίνην

429 2315 576 2353 Nonne
606 2320 734 2366 patet,
764 2325 832 2353 vv,
865 2310 946 2351 607
968 2332 994 2339 -
1012 2310 1094 2350 699
1122 2306 1416 2362 suppositicios
1447 2303 1565 2346 esse?

839 2388 920 2429 605
948 2381 1064 2429 ἀλλὰ
1092 2382 1203 2441 πρὸς
1236 2384 1390 2441 Τρῶας
1418 2384 1710 2439 τετραμμένοι
1738 2382 1837 2425 αἰὲν
1864 2380 2041 2426 ὀπίσσω

946 2463 1101 2514 εἴκετε,
1130 2462 1238 2518 μηδὲ
1264 2464 1389 2509 θεοῖς
1416 2464 1706 2515 μενεαίνεμεν
1734 2461 1805 2516 ἶφι
1834 2458 2078 2514 μάχεσθαι.

947 2539 1004 2590 ὣς
1032 2537 1102 2598 ἄρ’
1129 2539 1229 2598 ἔφη,
1265 2540 1409 2597 Τρῶες
1438 2539 1488 2581 δε
1515 2536 1638 2594 μάλα
1670 2536 1830 2591 σχεδὸν
1856 2534 2023 2595 ἤλυθον
2050 2535 2211 2583 αὗτῶν.

838 2622 920 2662 699
941 2616 1131 2676 Ἀργεῖοι
1162 2619 1199 2661 δ’
1227 2614 1304 2660 ὑπ’
1320 2615 1447 2675 ’Ἁρηι
1475 2622 1549 2659 καὶ
1569 2616 1744 2676 “Enopa
1774 2617 2098 2679 χαλκοκορυστῇ
2129 2630 2209 2661 etc.
