<?xml version="1.0" encoding="UTF-8"?>
<!DOCTYPE html PUBLIC "-//W3C//DTD XHTML 1.0 Transitional//EN"
    "http://www.w3.org/TR/xhtml1/DTD/xhtml1-transitional.dtd">
<html xmlns="http://www.w3.org/1999/xhtml" xml:lang="en" lang="en">
 <head>
  <title>
</title>
<meta http-equiv="Content-Type" content="text/html;charset=utf-8" />
  <meta name='ocr-system' content='tesseract 3.04.00' />
  <meta name='ocr-capabilities' content='ocr_page ocr_carea ocr_par ocr_line ocrx_word'/>
</head>
<body>
  <div class='ocr_page' id='page_1' title='image "./4769656_0010.png"; bbox 0 0 2977 3810; ppageno 0'>
   <div class='ocr_carea' id='block_1_1' title="bbox 1410 62 1866 107">
    <p class='ocr_par' dir='ltr' id='par_1_1' title="bbox 1410 62 1866 107">
     <span class='ocr_line' id='line_1_1' title="bbox 1410 62 1866 107; baseline 0.002 -11"><span class='ocrx_word' id='word_1_1' title='bbox 1410 89 1478 96; x_wconf 69' lang='grc'>--</span> <span class='ocrx_word' id='word_1_2' title='bbox 1621 62 1652 107; x_wconf 83' lang='lat'><strong>2</strong></span> <span class='ocrx_word' id='word_1_3' title='bbox 1797 88 1866 97; x_wconf 84' lang='grc'>.-</span> 
     </span>
    </p>
   </div>
   <div class='ocr_carea' id='block_1_2' title="bbox 558 200 2696 2639">
    <p class='ocr_par' dir='ltr' id='par_1_2' title="bbox 785 200 2361 332">
     <span class='ocr_line' id='line_1_2' title="bbox 785 200 1506 255; baseline 0.001 -15"><span class='ocrx_word' id='word_1_4' title='bbox 785 201 970 240; x_wconf 85' lang='lat' dir='ltr'>Primum</span> <span class='ocrx_word' id='word_1_5' title='bbox 1002 200 1113 240; x_wconf 86' lang='lat' dir='ltr'>enim</span> <span class='ocrx_word' id='word_1_6' title='bbox 1144 215 1183 241; x_wconf 87' lang='lat' dir='ltr'>v.</span> <span class='ocrx_word' id='word_1_7' title='bbox 1214 201 1297 242; x_wconf 81' lang='lat'>256</span> <span class='ocrx_word' id='word_1_8' title='bbox 1326 200 1506 255; x_wconf 81' lang='lat' dir='ltr'>legitur:</span> 
     </span>
     <span class='ocr_line' id='line_1_3' title="bbox 1060 271 2361 332; baseline -0.002 -14"><span class='ocrx_word' id='word_1_9' title='bbox 1060 274 1106 318; x_wconf 75' lang='grc' dir='ltr'>οἱ</span> <span class='ocrx_word' id='word_1_10' title='bbox 1132 275 1170 317; x_wconf 77' lang='grc' dir='ltr'>δ’</span> <span class='ocrx_word' id='word_1_11' title='bbox 1199 271 1326 318; x_wconf 76' lang='grc' dir='ltr'><strong><em>ἄλλοι</em></strong></span> <span class='ocrx_word' id='word_1_12' title='bbox 1356 272 1573 331; x_wconf 76' lang='grc' dir='ltr'><strong><em>φιλότητα</em></strong></span> <span class='ocrx_word' id='word_1_13' title='bbox 1603 281 1676 318; x_wconf 83' lang='grc' dir='ltr'>καὶ</span> <span class='ocrx_word' id='word_1_14' title='bbox 1707 273 1833 332; x_wconf 82' lang='grc' dir='ltr'><strong><em>ὅρκια</em></strong></span> <span class='ocrx_word' id='word_1_15' title='bbox 1862 272 2006 318; x_wconf 80' lang='grc' dir='ltr'><strong><em>πιστὰ</em></strong></span> <span class='ocrx_word' id='word_1_16' title='bbox 2035 272 2251 330; x_wconf 80' lang='grc' dir='ltr'><strong><em>ταμόντες</em></strong></span> <span class='ocrx_word' id='word_1_17' title='bbox 2281 285 2361 316; x_wconf 87' lang='lat' dir='ltr'>etc.</span> 
     </span>
    </p>

    <p class='ocr_par' dir='ltr' id='par_1_3' title="bbox 558 349 2692 1254">
     <span class='ocr_line' id='line_1_4' title="bbox 586 349 2689 409; baseline 0 -14"><span class='ocrx_word' id='word_1_18' title='bbox 586 356 728 409; x_wconf 87' lang='lat' dir='ltr'>itaque</span> <span class='ocrx_word' id='word_1_19' title='bbox 758 369 842 395; x_wconf 94' lang='lat' dir='ltr'>non</span> <span class='ocrx_word' id='word_1_20' title='bbox 871 355 1010 395; x_wconf 89' lang='lat' dir='ltr'>solum</span> <span class='ocrx_word' id='word_1_21' title='bbox 1038 354 1080 393; x_wconf 90' lang='lat' dir='ltr'>in</span> <span class='ocrx_word' id='word_1_22' title='bbox 1110 353 1305 409; x_wconf 85' lang='lat' dir='ltr'>genuinis</span> <span class='ocrx_word' id='word_1_23' title='bbox 1345 354 1420 395; x_wconf 89' lang='lat' dir='ltr'>sed</span> <span class='ocrx_word' id='word_1_24' title='bbox 1452 355 1579 402; x_wconf 73' lang='lat' dir='ltr'>etiam</span> <span class='ocrx_word' id='word_1_25' title='bbox 1608 354 1651 394; x_wconf 89' lang='lat' dir='ltr'>in</span> <span class='ocrx_word' id='word_1_26' title='bbox 1683 354 1835 408; x_wconf 81' lang='lat' dir='ltr'>spuriis</span> <span class='ocrx_word' id='word_1_27' title='bbox 1877 354 1982 395; x_wconf 88' lang='lat' dir='ltr'>locis</span> <span class='ocrx_word' id='word_1_28' title='bbox 2012 349 2140 409; x_wconf 78' lang='grc' dir='ltr'><strong><em>ὅρκια</em></strong></span> <span class='ocrx_word' id='word_1_29' title='bbox 2168 361 2287 408; x_wconf 88' lang='lat' dir='ltr'>post</span> <span class='ocrx_word' id='word_1_30' title='bbox 2314 366 2492 407; x_wconf 84' lang='lat' dir='ltr'>pugnam</span> <span class='ocrx_word' id='word_1_31' title='bbox 2524 355 2689 407; x_wconf 83' lang='lat' dir='ltr'>reperi-</span> 
     </span>
     <span class='ocr_line' id='line_1_5' title="bbox 558 428 2687 486; baseline -0 -15"><span class='ocrx_word' id='word_1_32' title='bbox 558 428 738 484; x_wconf 54' lang='lat' dir='ltr'>suntur,</span> <span class='ocrx_word' id='word_1_33' title='bbox 788 440 832 471; x_wconf 89' lang='lat' dir='ltr'>et</span> <span class='ocrx_word' id='word_1_34' title='bbox 871 430 937 470; x_wconf 89' lang='lat' dir='ltr'>hic</span> <span class='ocrx_word' id='word_1_35' title='bbox 977 430 1068 484; x_wconf 90' lang='lat' dir='ltr'>ipse</span> <span class='ocrx_word' id='word_1_36' title='bbox 1106 431 1223 471; x_wconf 88' lang='lat' dir='ltr'>locus</span> <span class='ocrx_word' id='word_1_37' title='bbox 1268 430 1558 486; x_wconf 86' lang='lat' dir='ltr'>utriusque</span> <span class='ocrx_word' id='word_1_38' title='bbox 1600 430 1868 485; x_wconf 86' lang='lat' dir='ltr'>jurisjurandi</span> <span class='ocrx_word' id='word_1_39' title='bbox 1908 432 2168 471; x_wconf 81' lang='lat' dir='ltr'><strong>mentionem</strong></span> <span class='ocrx_word' id='word_1_40' title='bbox 2206 429 2404 470; x_wconf 86' lang='lat' dir='ltr'>continet.</span> <span class='ocrx_word' id='word_1_41' title='bbox 2480 429 2687 470; x_wconf 80' lang='lat' dir='ltr'>Existimo</span> 
     </span>
     <span class='ocr_line' id='line_1_6' title="bbox 588 506 2687 562; baseline -0.001 -14"><span class='ocrx_word' id='word_1_42' title='bbox 588 517 727 548; x_wconf 87' lang='lat' dir='ltr'>autem</span> <span class='ocrx_word' id='word_1_43' title='bbox 757 521 826 546; x_wconf 89' lang='lat' dir='ltr'>me</span> <span class='ocrx_word' id='word_1_44' title='bbox 856 507 1014 547; x_wconf 85' lang='lat' dir='ltr'>docere</span> <span class='ocrx_word' id='word_1_45' title='bbox 1042 521 1169 559; x_wconf 84' lang='lat' dir='ltr'>posse</span> <span class='ocrx_word' id='word_1_46' title='bbox 1199 507 1416 562; x_wconf 89' lang='lat' dir='ltr'>quomodo</span> <span class='ocrx_word' id='word_1_47' title='bbox 1445 507 1513 546; x_wconf 89' lang='lat' dir='ltr'>hic</span> <span class='ocrx_word' id='word_1_48' title='bbox 1538 509 1654 547; x_wconf 92' lang='lat' dir='ltr'>locus</span> <span class='ocrx_word' id='word_1_49' title='bbox 1685 507 1815 548; x_wconf 78' lang='lat' dir='ltr'>sactus</span> <span class='ocrx_word' id='word_1_50' title='bbox 1845 508 1912 560; x_wconf 82' lang='lat' dir='ltr'>sit,</span> <span class='ocrx_word' id='word_1_51' title='bbox 1942 517 1982 548; x_wconf 90' lang='lat' dir='ltr'>et</span> <span class='ocrx_word' id='word_1_52' title='bbox 2010 507 2118 547; x_wconf 84' lang='lat' dir='ltr'>unde</span> <span class='ocrx_word' id='word_1_53' title='bbox 2149 506 2300 561; x_wconf 83' lang='lat' dir='ltr'>singuli</span> <span class='ocrx_word' id='word_1_54' title='bbox 2331 519 2473 545; x_wconf 87' lang='lat' dir='ltr'>versus</span> <span class='ocrx_word' id='word_1_55' title='bbox 2503 507 2687 559; x_wconf 84' lang='lat' dir='ltr'>sumpti:</span> 
     </span>
     <span class='ocr_line' id='line_1_7' title="bbox 587 581 2690 635; baseline -0.001 -10"><span class='ocrx_word' id='word_1_56' title='bbox 587 586 813 625; x_wconf 75' lang='lat'><strong>253-255</strong></span> <span class='ocrx_word' id='word_1_57' title='bbox 855 584 1017 623; x_wconf 86' lang='lat' dir='ltr'>scilicet</span> <span class='ocrx_word' id='word_1_58' title='bbox 1060 598 1128 624; x_wconf 86' lang='lat' dir='ltr'>vv.</span> <span class='ocrx_word' id='word_1_59' title='bbox 1163 586 1279 625; x_wconf 84' lang='lat'>136-</span> <span class='ocrx_word' id='word_1_60' title='bbox 1304 585 1380 624; x_wconf 85' lang='grc'>138</span> <span class='ocrx_word' id='word_1_61' title='bbox 1423 584 1633 635; x_wconf 71' lang='lat' dir='ltr'>referunt,</span> <span class='ocrx_word' id='word_1_62' title='bbox 1681 586 1887 624; x_wconf 79' lang='lat'><strong>256-258</strong></span> <span class='ocrx_word' id='word_1_63' title='bbox 1926 597 2029 624; x_wconf 85' lang='lat' dir='ltr'>vero</span> <span class='ocrx_word' id='word_1_64' title='bbox 2067 598 2134 624; x_wconf 83' lang='lat' dir='ltr'>vv.</span> <span class='ocrx_word' id='word_1_65' title='bbox 2165 585 2332 624; x_wconf 87' lang='lat'><strong>73-75.</strong></span> <span class='ocrx_word' id='word_1_66' title='bbox 2405 581 2604 630; x_wconf 82' lang='lat' dir='ltr'>Accedit,</span> <span class='ocrx_word' id='word_1_67' title='bbox 2648 582 2690 622; x_wconf 86' lang='lat' dir='ltr'>id</span> 
     </span>
     <span class='ocr_line' id='line_1_8' title="bbox 588 652 2688 715; baseline -0.001 -15"><span class='ocrx_word' id='word_1_68' title='bbox 588 660 706 715; x_wconf 85' lang='lat' dir='ltr'>quod</span> <span class='ocrx_word' id='word_1_69' title='bbox 735 668 929 702; x_wconf 86' lang='lat' dir='ltr'>nostrum</span> <span class='ocrx_word' id='word_1_70' title='bbox 958 661 1100 700; x_wconf 90' lang='lat' dir='ltr'>locum</span> <span class='ocrx_word' id='word_1_71' title='bbox 1130 673 1182 699; x_wconf 87' lang='lat' dir='ltr'>ex</span> <span class='ocrx_word' id='word_1_72' title='bbox 1210 660 1289 699; x_wconf 88' lang='lat' dir='ltr'>illis</span> <span class='ocrx_word' id='word_1_73' title='bbox 1321 668 1541 701; x_wconf 85' lang='lat' dir='ltr'>consutum</span> <span class='ocrx_word' id='word_1_74' title='bbox 1572 672 1664 699; x_wconf 87' lang='lat' dir='ltr'>esse</span> <span class='ocrx_word' id='word_1_75' title='bbox 1693 674 1776 699; x_wconf 91' lang='lat' dir='ltr'>non</span> <span class='ocrx_word' id='word_1_76' title='bbox 1807 660 2077 701; x_wconf 84' lang='lat' dir='ltr'>mediocriter</span> <span class='ocrx_word' id='word_1_77' title='bbox 2105 660 2268 713; x_wconf 85' lang='lat' dir='ltr'>probat,</span> <span class='ocrx_word' id='word_1_78' title='bbox 2297 658 2412 714; x_wconf 85' lang='lat' dir='ltr'>quod</span> <span class='ocrx_word' id='word_1_79' title='bbox 2434 671 2514 697; x_wconf 82' lang='lat' dir='ltr'>vox</span> <span class='ocrx_word' id='word_1_80' title='bbox 2545 652 2688 714; x_wconf 65' lang='grc' dir='ltr'><strong><em>αὐτὰρ</em></strong></span> 
     </span>
     <span class='ocr_line' id='line_1_9' title="bbox 587 735 2690 791; baseline -0.001 -14"><span class='ocrx_word' id='word_1_81' title='bbox 587 751 629 780; x_wconf 75' lang='lat' dir='ltr'>v.</span> <span class='ocrx_word' id='word_1_82' title='bbox 662 739 716 778; x_wconf 80' lang='lat'>69</span> <span class='ocrx_word' id='word_1_83' title='bbox 748 736 829 789; x_wconf 81' lang='lat' dir='ltr'>(cf.</span> <span class='ocrx_word' id='word_1_84' title='bbox 859 751 897 776; x_wconf 85' lang='lat' dir='ltr'>v.</span> <span class='ocrx_word' id='word_1_85' title='bbox 927 738 1001 789; x_wconf 88' lang='grc'>68)</span> <span class='ocrx_word' id='word_1_86' title='bbox 1044 746 1086 777; x_wconf 88' lang='lat' dir='ltr'>et</span> <span class='ocrx_word' id='word_1_87' title='bbox 1125 751 1163 777; x_wconf 87' lang='lat' dir='ltr'>v.</span> <span class='ocrx_word' id='word_1_88' title='bbox 1197 738 1276 777; x_wconf 85' lang='lat'>136</span> <span class='ocrx_word' id='word_1_89' title='bbox 1304 736 1380 784; x_wconf 80' lang='lat' dir='ltr'>(cf.</span> <span class='ocrx_word' id='word_1_90' title='bbox 1412 751 1448 775; x_wconf 84' lang='grc' dir='ltr'>ν.</span> <span class='ocrx_word' id='word_1_91' title='bbox 1484 737 1588 786; x_wconf 81' lang='grc'>134)</span> <span class='ocrx_word' id='word_1_92' title='bbox 1618 737 1778 789; x_wconf 88' lang='lat' dir='ltr'>optime</span> <span class='ocrx_word' id='word_1_93' title='bbox 1809 738 1965 791; x_wconf 87' lang='lat' dir='ltr'>posita,</span> <span class='ocrx_word' id='word_1_94' title='bbox 2009 752 2047 777; x_wconf 87' lang='lat' dir='ltr'>v.</span> <span class='ocrx_word' id='word_1_95' title='bbox 2077 739 2158 779; x_wconf 82' lang='lat'>253</span> <span class='ocrx_word' id='word_1_96' title='bbox 2197 736 2298 775; x_wconf 86' lang='lat' dir='ltr'>nihil</span> <span class='ocrx_word' id='word_1_97' title='bbox 2327 735 2459 783; x_wconf 86' lang='lat' dir='ltr'>habet,</span> <span class='ocrx_word' id='word_1_98' title='bbox 2490 735 2540 774; x_wconf 88' lang='lat' dir='ltr'>ad</span> <span class='ocrx_word' id='word_1_99' title='bbox 2577 737 2690 790; x_wconf 87' lang='lat' dir='ltr'>quod</span> 
     </span>
     <span class='ocr_line' id='line_1_10' title="bbox 587 811 2690 869; baseline -0.001 -15"><span class='ocrx_word' id='word_1_100' title='bbox 587 817 629 854; x_wconf 92' lang='lat' dir='ltr'>in</span> <span class='ocrx_word' id='word_1_101' title='bbox 662 814 1015 869; x_wconf 81' lang='lat' dir='ltr'>praecedentibus</span> <span class='ocrx_word' id='word_1_102' title='bbox 1044 813 1265 852; x_wconf 80' lang='lat' dir='ltr'>referatur.</span> <span class='ocrx_word' id='word_1_103' title='bbox 1300 836 1348 842; x_wconf 95' lang='lat'><strong>—</strong></span> <span class='ocrx_word' id='word_1_104' title='bbox 1379 813 1469 851; x_wconf 89' lang='lat' dir='ltr'>Jam</span> <span class='ocrx_word' id='word_1_105' title='bbox 1491 812 1621 867; x_wconf 88' lang='lat' dir='ltr'>igitur</span> <span class='ocrx_word' id='word_1_106' title='bbox 1636 814 1744 853; x_wconf 88' lang='lat' dir='ltr'>inter</span> <span class='ocrx_word' id='word_1_107' title='bbox 1763 826 1835 854; x_wconf 88' lang='lat' dir='ltr'>eos</span> <span class='ocrx_word' id='word_1_108' title='bbox 1866 828 1973 868; x_wconf 91' lang='lat' dir='ltr'>quos</span> <span class='ocrx_word' id='word_1_109' title='bbox 1988 812 2274 853; x_wconf 82' lang='lat' dir='ltr'>Lachmannus</span> <span class='ocrx_word' id='word_1_110' title='bbox 2305 813 2470 866; x_wconf 80' lang='lat' dir='ltr'>spurios</span> <span class='ocrx_word' id='word_1_111' title='bbox 2487 811 2690 866; x_wconf 81' lang='lat' dir='ltr'>judicavit</span> 
     </span>
     <span class='ocr_line' id='line_1_11' title="bbox 591 890 2690 948; baseline -0.001 -14"><span class='ocrx_word' id='word_1_112' title='bbox 591 895 726 945; x_wconf 84' lang='lat' dir='ltr'>locos,</span> <span class='ocrx_word' id='word_1_113' title='bbox 754 908 882 933; x_wconf 90' lang='lat' dir='ltr'>unum</span> <span class='ocrx_word' id='word_1_114' title='bbox 913 906 1002 932; x_wconf 87' lang='lat' dir='ltr'>esse</span> <span class='ocrx_word' id='word_1_115' title='bbox 1032 890 1211 932; x_wconf 87' lang='lat' dir='ltr'>vidimus</span> <span class='ocrx_word' id='word_1_116' title='bbox 1242 890 1314 945; x_wconf 89' lang='lat' dir='ltr'>qui</span> <span class='ocrx_word' id='word_1_117' title='bbox 1344 905 1366 930; x_wconf 82' lang='lat' dir='ltr'>a</span> <span class='ocrx_word' id='word_1_118' title='bbox 1395 890 1568 945; x_wconf 86' lang='lat' dir='ltr'>reliquis</span> <span class='ocrx_word' id='word_1_119' title='bbox 1599 905 1652 932; x_wconf 86' lang='lat' dir='ltr'>eo</span> <span class='ocrx_word' id='word_1_120' title='bbox 1682 890 1826 933; x_wconf 76' lang='lat' dir='ltr'>differt</span> <span class='ocrx_word' id='word_1_121' title='bbox 1856 892 1971 947; x_wconf 87' lang='lat' dir='ltr'>quod</span> <span class='ocrx_word' id='word_1_122' title='bbox 2011 900 2235 948; x_wconf 86' lang='lat' dir='ltr'>utrumque</span> <span class='ocrx_word' id='word_1_123' title='bbox 2278 890 2592 947; x_wconf 85' lang='lat' dir='ltr'>jusjurandum,</span> <span class='ocrx_word' id='word_1_124' title='bbox 2648 900 2690 932; x_wconf 88' lang='lat' dir='ltr'>et</span> 
     </span>
     <span class='ocr_line' id='line_1_12' title="bbox 591 968 2690 1026; baseline 0 -16"><span class='ocrx_word' id='word_1_125' title='bbox 591 971 694 1010; x_wconf 88' lang='lat' dir='ltr'>illud</span> <span class='ocrx_word' id='word_1_126' title='bbox 726 970 841 1026; x_wconf 86' lang='lat' dir='ltr'>quod</span> <span class='ocrx_word' id='word_1_127' title='bbox 871 980 964 1010; x_wconf 88' lang='lat' dir='ltr'>ante</span> <span class='ocrx_word' id='word_1_128' title='bbox 992 982 1175 1023; x_wconf 88' lang='lat' dir='ltr'>pugnam</span> <span class='ocrx_word' id='word_1_129' title='bbox 1206 977 1249 1008; x_wconf 85' lang='lat' dir='ltr'>et</span> <span class='ocrx_word' id='word_1_130' title='bbox 1277 968 1318 1007; x_wconf 86' lang='lat' dir='ltr'>id</span> <span class='ocrx_word' id='word_1_131' title='bbox 1348 968 1461 1023; x_wconf 87' lang='lat' dir='ltr'>quod</span> <span class='ocrx_word' id='word_1_132' title='bbox 1490 977 1587 1021; x_wconf 87' lang='lat' dir='ltr'>post</span> <span class='ocrx_word' id='word_1_133' title='bbox 1615 968 1749 1021; x_wconf 86' lang='lat' dir='ltr'>ipsam</span> <span class='ocrx_word' id='word_1_134' title='bbox 1790 970 2027 1010; x_wconf 83' lang='lat' dir='ltr'>faciendum</span> <span class='ocrx_word' id='word_1_135' title='bbox 2061 978 2151 1010; x_wconf 86' lang='lat' dir='ltr'>erat</span> <span class='ocrx_word' id='word_1_136' title='bbox 2179 970 2322 1020; x_wconf 80' lang='lat' dir='ltr'>novit3</span> <span class='ocrx_word' id='word_1_137' title='bbox 2362 969 2541 1010; x_wconf 85' lang='lat' dir='ltr'>vidimus</span> <span class='ocrx_word' id='word_1_138' title='bbox 2582 984 2690 1023; x_wconf 89' lang='lat' dir='ltr'>quo-</span> 
     </span>
     <span class='ocr_line' id='line_1_13' title="bbox 591 1045 2692 1102; baseline -0 -16"><span class='ocrx_word' id='word_1_139' title='bbox 591 1047 719 1087; x_wconf 88' lang='lat' dir='ltr'>modo</span> <span class='ocrx_word' id='word_1_140' title='bbox 751 1055 867 1087; x_wconf 82' lang='lat' dir='ltr'>ortus</span> <span class='ocrx_word' id='word_1_141' title='bbox 897 1059 988 1085; x_wconf 91' lang='lat' dir='ltr'>esse</span> <span class='ocrx_word' id='word_1_142' title='bbox 1017 1045 1267 1087; x_wconf 71' lang='lat' dir='ltr'>videreturz</span> <span class='ocrx_word' id='word_1_143' title='bbox 1298 1045 1548 1099; x_wconf 79' lang='lat' dir='ltr'>colligendis</span> <span class='ocrx_word' id='word_1_144' title='bbox 1576 1045 1736 1086; x_wconf 90' lang='lat' dir='ltr'>scilicet</span> <span class='ocrx_word' id='word_1_145' title='bbox 1750 1046 1933 1102; x_wconf 87' lang='lat' dir='ltr'>undique</span> <span class='ocrx_word' id='word_1_146' title='bbox 1953 1047 2141 1088; x_wconf 84' lang='lat' dir='ltr'>versibus</span> <span class='ocrx_word' id='word_1_147' title='bbox 2172 1054 2216 1088; x_wconf 83' lang='lat' dir='ltr'>et</span> <span class='ocrx_word' id='word_1_148' title='bbox 2230 1046 2374 1100; x_wconf 80' lang='lat' dir='ltr'>paucis</span> <span class='ocrx_word' id='word_1_149' title='bbox 2394 1046 2692 1087; x_wconf 83' lang='lat' dir='ltr'>mutationibus</span> 
     </span>
     <span class='ocr_line' id='line_1_14' title="bbox 591 1121 2691 1178; baseline -0 -14"><span class='ocrx_word' id='word_1_150' title='bbox 591 1123 711 1165; x_wconf 82' lang='lat' dir='ltr'>factis</span> <span class='ocrx_word' id='word_1_151' title='bbox 742 1123 850 1164; x_wconf 89' lang='lat' dir='ltr'>inter</span> <span class='ocrx_word' id='word_1_152' title='bbox 878 1136 923 1163; x_wconf 90' lang='lat' dir='ltr'>se</span> <span class='ocrx_word' id='word_1_153' title='bbox 951 1121 1281 1177; x_wconf 84' lang='lat' dir='ltr'>conjungendis3</span> <span class='ocrx_word' id='word_1_154' title='bbox 1317 1135 1451 1162; x_wconf 85' lang='lat' dir='ltr'>nonne</span> <span class='ocrx_word' id='word_1_155' title='bbox 1484 1122 1696 1176; x_wconf 87' lang='lat' dir='ltr'>conjicere</span> <span class='ocrx_word' id='word_1_156' title='bbox 1727 1123 1846 1172; x_wconf 85' lang='lat' dir='ltr'>licet,</span> <span class='ocrx_word' id='word_1_157' title='bbox 1885 1123 1995 1164; x_wconf 92' lang='lat' dir='ltr'>hunc</span> <span class='ocrx_word' id='word_1_158' title='bbox 2027 1124 2162 1178; x_wconf 85' lang='lat' dir='ltr'>ipsum</span> <span class='ocrx_word' id='word_1_159' title='bbox 2194 1123 2335 1164; x_wconf 89' lang='lat' dir='ltr'>locum</span> <span class='ocrx_word' id='word_1_160' title='bbox 2375 1122 2426 1163; x_wconf 84' lang='lat' dir='ltr'>ad</span> <span class='ocrx_word' id='word_1_161' title='bbox 2456 1123 2691 1163; x_wconf 87' lang='lat' dir='ltr'>miscendas</span> 
     </span>
     <span class='ocr_line' id='line_1_15' title="bbox 591 1198 2416 1254; baseline -0.001 -14"><span class='ocrx_word' id='word_1_162' title='bbox 591 1201 685 1240; x_wconf 80' lang='lat' dir='ltr'>istas</span> <span class='ocrx_word' id='word_1_163' title='bbox 716 1215 739 1239; x_wconf 88' lang='lat' dir='ltr'>a</span> <span class='ocrx_word' id='word_1_164' title='bbox 768 1199 1039 1240; x_wconf 87' lang='lat' dir='ltr'>Lachmanno</span> <span class='ocrx_word' id='word_1_165' title='bbox 1070 1207 1183 1239; x_wconf 85' lang='lat' dir='ltr'>tanta</span> <span class='ocrx_word' id='word_1_166' title='bbox 1214 1199 1435 1252; x_wconf 83' lang='lat' dir='ltr'>sagacitate</span> <span class='ocrx_word' id='word_1_167' title='bbox 1465 1198 1662 1239; x_wconf 82' lang='lat' dir='ltr'>discretas</span> <span class='ocrx_word' id='word_1_168' title='bbox 1693 1200 1948 1242; x_wconf 83' lang='lat' dir='ltr'>narrationes</span> <span class='ocrx_word' id='word_1_169' title='bbox 1982 1201 2261 1254; x_wconf 85' lang='lat' dir='ltr'>compositum</span> <span class='ocrx_word' id='word_1_170' title='bbox 2292 1198 2416 1241; x_wconf 83' lang='lat' dir='ltr'>esse?</span> 
     </span>
    </p>

    <p class='ocr_par' dir='ltr' id='par_1_4' title="bbox 592 1273 2696 2481">
     <span class='ocr_line' id='line_1_16' title="bbox 792 1273 2691 1331; baseline 0.001 -16"><span class='ocrx_word' id='word_1_171' title='bbox 792 1276 936 1315; x_wconf 64' lang='lat' dir='ltr'>Altera</span> <span class='ocrx_word' id='word_1_172' title='bbox 963 1288 1057 1324; x_wconf 86' lang='lat' dir='ltr'>res,</span> <span class='ocrx_word' id='word_1_173' title='bbox 1088 1275 1139 1315; x_wconf 88' lang='lat' dir='ltr'>de</span> <span class='ocrx_word' id='word_1_174' title='bbox 1170 1288 1252 1330; x_wconf 84' lang='lat' dir='ltr'>qua</span> <span class='ocrx_word' id='word_1_175' title='bbox 1269 1273 1452 1314; x_wconf 87' lang='lat' dir='ltr'>dicturus</span> <span class='ocrx_word' id='word_1_176' title='bbox 1483 1287 1594 1315; x_wconf 86' lang='lat' dir='ltr'>eram</span> <span class='ocrx_word' id='word_1_177' title='bbox 1612 1290 1740 1331; x_wconf 89' lang='lat' dir='ltr'>quum</span> <span class='ocrx_word' id='word_1_178' title='bbox 1771 1289 1843 1329; x_wconf 88' lang='lat' dir='ltr'>per</span> <span class='ocrx_word' id='word_1_179' title='bbox 1872 1290 1914 1317; x_wconf 88' lang='lat' dir='ltr'>se</span> <span class='ocrx_word' id='word_1_180' title='bbox 1942 1276 2094 1317; x_wconf 88' lang='lat' dir='ltr'>nullam</span> <span class='ocrx_word' id='word_1_181' title='bbox 2119 1276 2202 1317; x_wconf 89' lang='lat' dir='ltr'>vim</span> <span class='ocrx_word' id='word_1_182' title='bbox 2232 1275 2398 1329; x_wconf 82' lang='lat' dir='ltr'>habeat,</span> <span class='ocrx_word' id='word_1_183' title='bbox 2425 1276 2565 1330; x_wconf 85' lang='lat' dir='ltr'>juncta</span> <span class='ocrx_word' id='word_1_184' title='bbox 2598 1288 2691 1317; x_wconf 81' lang='lat' dir='ltr'>curn</span> 
     </span>
     <span class='ocr_line' id='line_1_17' title="bbox 592 1347 2692 1405; baseline 0 -16"><span class='ocrx_word' id='word_1_185' title='bbox 592 1353 639 1390; x_wconf 88' lang='lat' dir='ltr'>iis</span> <span class='ocrx_word' id='word_1_186' title='bbox 670 1364 777 1405; x_wconf 86' lang='lat' dir='ltr'>quae</span> <span class='ocrx_word' id='word_1_187' title='bbox 807 1351 935 1390; x_wconf 83' lang='lat' dir='ltr'>modo</span> <span class='ocrx_word' id='word_1_188' title='bbox 966 1350 1155 1400; x_wconf 84' lang='lat' dir='ltr'>tractavi,</span> <span class='ocrx_word' id='word_1_189' title='bbox 1187 1349 1358 1403; x_wconf 89' lang='lat' dir='ltr'>alicujus</span> <span class='ocrx_word' id='word_1_190' title='bbox 1388 1359 1528 1389; x_wconf 86' lang='lat' dir='ltr'>tamen</span> <span class='ocrx_word' id='word_1_191' title='bbox 1566 1350 1766 1390; x_wconf 83' lang='lat' dir='ltr'>momenti</span> <span class='ocrx_word' id='word_1_192' title='bbox 1796 1363 1887 1390; x_wconf 89' lang='lat' dir='ltr'>esse</span> <span class='ocrx_word' id='word_1_193' title='bbox 1915 1350 2093 1391; x_wconf 84' lang='lat' dir='ltr'>videtur.</span> <span class='ocrx_word' id='word_1_194' title='bbox 2152 1352 2227 1390; x_wconf 85' lang='lat' dir='ltr'>Est</span> <span class='ocrx_word' id='word_1_195' title='bbox 2258 1364 2341 1390; x_wconf 87' lang='lat' dir='ltr'>vox</span> <span class='ocrx_word' id='word_1_196' title='bbox 2370 1347 2536 1404; x_wconf 74' lang='grc' dir='ltr'><em>τάμητε</em></span> <span class='ocrx_word' id='word_1_197' title='bbox 2566 1365 2692 1405; x_wconf 88' lang='lat' dir='ltr'>quam</span> 
     </span>
     <span class='ocr_line' id='line_1_18' title="bbox 598 1425 2690 1482; baseline 0 -15"><span class='ocrx_word' id='word_1_198' title='bbox 598 1442 632 1467; x_wconf 82' lang='lat' dir='ltr'>v.</span> <span class='ocrx_word' id='word_1_199' title='bbox 651 1429 730 1468; x_wconf 76' lang='lat'>252</span> <span class='ocrx_word' id='word_1_200' title='bbox 760 1428 950 1481; x_wconf 86' lang='lat' dir='ltr'>legimus.</span> <span class='ocrx_word' id='word_1_201' title='bbox 1010 1428 1160 1467; x_wconf 91' lang='lat' dir='ltr'>Nonne</span> <span class='ocrx_word' id='word_1_202' title='bbox 1191 1428 1303 1467; x_wconf 88' lang='lat' dir='ltr'>enim</span> <span class='ocrx_word' id='word_1_203' title='bbox 1335 1438 1384 1466; x_wconf 92' lang='lat' dir='ltr'>eo</span> <span class='ocrx_word' id='word_1_204' title='bbox 1417 1427 1477 1464; x_wconf 90' lang='lat' dir='ltr'>vel</span> <span class='ocrx_word' id='word_1_205' title='bbox 1507 1427 1616 1465; x_wconf 82' lang='lat' dir='ltr'>inter</span> <span class='ocrx_word' id='word_1_206' title='bbox 1645 1439 1687 1466; x_wconf 89' lang='lat' dir='ltr'>se</span> <span class='ocrx_word' id='word_1_207' title='bbox 1717 1425 1916 1466; x_wconf 72' lang='lat' dir='ltr'>differunt</span> <span class='ocrx_word' id='word_1_208' title='bbox 1953 1427 2034 1467; x_wconf 88' lang='lat' dir='ltr'>loci</span> <span class='ocrx_word' id='word_1_209' title='bbox 2063 1427 2205 1481; x_wconf 90' lang='lat' dir='ltr'>spurii,</span> <span class='ocrx_word' id='word_1_210' title='bbox 2232 1427 2347 1482; x_wconf 86' lang='lat' dir='ltr'>quod</span> <span class='ocrx_word' id='word_1_211' title='bbox 2377 1441 2507 1482; x_wconf 88' lang='lat' dir='ltr'>quum</span> <span class='ocrx_word' id='word_1_212' title='bbox 2542 1442 2582 1467; x_wconf 86' lang='lat' dir='ltr'>v.</span> <span class='ocrx_word' id='word_1_213' title='bbox 2614 1430 2690 1467; x_wconf 81' lang='lat'>105</span> 
     </span>
     <span class='ocr_line' id='line_1_19' title="bbox 596 1498 2691 1562; baseline 0 -18"><span class='ocrx_word' id='word_1_214' title='bbox 596 1505 646 1545; x_wconf 84' lang='lat' dir='ltr'>de</span> <span class='ocrx_word' id='word_1_215' title='bbox 676 1505 848 1545; x_wconf 87' lang='lat' dir='ltr'>Priamo</span> <span class='ocrx_word' id='word_1_216' title='bbox 878 1504 1035 1544; x_wconf 83' lang='lat' dir='ltr'>dictum</span> <span class='ocrx_word' id='word_1_217' title='bbox 1066 1505 1139 1544; x_wconf 89' lang='lat' dir='ltr'>sit:</span> <span class='ocrx_word' id='word_1_218' title='bbox 1169 1498 1271 1558; x_wconf 74' lang='grc' dir='ltr'>ὄφρ’</span> <span class='ocrx_word' id='word_1_219' title='bbox 1301 1500 1429 1558; x_wconf 80' lang='grc' dir='ltr'><strong><em>ὅρκια</em></strong></span> <span class='ocrx_word' id='word_1_220' title='bbox 1452 1500 1595 1562; x_wconf 76' lang='grc' dir='ltr'><em>τάμνῃ</em></span> <span class='ocrx_word' id='word_1_221' title='bbox 1625 1498 1772 1552; x_wconf 66' lang='grc' dir='ltr'><strong><em>αὐτὸς,</em></strong></span> <span class='ocrx_word' id='word_1_222' title='bbox 1804 1505 1929 1545; x_wconf 83' lang='lat' dir='ltr'><strong>v.271</strong></span> <span class='ocrx_word' id='word_1_223' title='bbox 1970 1519 2076 1559; x_wconf 83' lang='lat' dir='ltr'>sqq.,</span> <span class='ocrx_word' id='word_1_224' title='bbox 2103 1504 2392 1558; x_wconf 82' lang='lat' dir='ltr'>Agamemnon</span> <span class='ocrx_word' id='word_1_225' title='bbox 2425 1505 2541 1545; x_wconf 87' lang='lat' dir='ltr'>solus</span> <span class='ocrx_word' id='word_1_226' title='bbox 2573 1518 2691 1545; x_wconf 86' lang='lat' dir='ltr'>sacra</span> 
     </span>
     <span class='ocr_line' id='line_1_20' title="bbox 598 1579 2692 1636; baseline -0 -15"><span class='ocrx_word' id='word_1_227' title='bbox 598 1582 727 1622; x_wconf 73' lang='lat' dir='ltr'>facit?</span> <span class='ocrx_word' id='word_1_228' title='bbox 757 1596 795 1621; x_wconf 78' lang='lat' dir='ltr'>v.</span> <span class='ocrx_word' id='word_1_229' title='bbox 829 1583 909 1621; x_wconf 78' lang='lat'>252</span> <span class='ocrx_word' id='word_1_230' title='bbox 941 1590 1075 1621; x_wconf 90' lang='lat' dir='ltr'>autem</span> <span class='ocrx_word' id='word_1_231' title='bbox 1108 1594 1245 1636; x_wconf 86' lang='lat' dir='ltr'>neque</span> <span class='ocrx_word' id='word_1_232' title='bbox 1272 1581 1437 1621; x_wconf 87' lang='lat' dir='ltr'>Priamo</span> <span class='ocrx_word' id='word_1_233' title='bbox 1468 1581 1548 1621; x_wconf 89' lang='lat' dir='ltr'>soli</span> <span class='ocrx_word' id='word_1_234' title='bbox 1578 1594 1713 1635; x_wconf 83' lang='lat' dir='ltr'>neque</span> <span class='ocrx_word' id='word_1_235' title='bbox 1746 1580 2046 1635; x_wconf 85' lang='lat' dir='ltr'>Agamemnoni</span> <span class='ocrx_word' id='word_1_236' title='bbox 2075 1594 2195 1620; x_wconf 86' lang='lat' dir='ltr'>sacra</span> <span class='ocrx_word' id='word_1_237' title='bbox 2226 1579 2419 1621; x_wconf 84' lang='lat' dir='ltr'>facienda</span> <span class='ocrx_word' id='word_1_238' title='bbox 2460 1581 2692 1632; x_wconf 84' lang='lat' dir='ltr'>traduntur,</span> 
     </span>
     <span class='ocr_line' id='line_1_21' title="bbox 597 1658 2692 1712; baseline -0.001 -13"><span class='ocrx_word' id='word_1_239' title='bbox 597 1660 669 1699; x_wconf 83' lang='lat' dir='ltr'>sed</span> <span class='ocrx_word' id='word_1_240' title='bbox 700 1660 741 1696; x_wconf 89' lang='lat' dir='ltr'>in</span> <span class='ocrx_word' id='word_1_241' title='bbox 773 1659 1013 1698; x_wconf 88' lang='lat' dir='ltr'>universum</span> <span class='ocrx_word' id='word_1_242' title='bbox 1045 1659 1249 1697; x_wconf 86' lang='lat' dir='ltr'>omnibus.</span> <span class='ocrx_word' id='word_1_243' title='bbox 1307 1659 1386 1696; x_wconf 89' lang='lat' dir='ltr'>His</span> <span class='ocrx_word' id='word_1_244' title='bbox 1417 1659 1469 1696; x_wconf 86' lang='lat' dir='ltr'>de</span> <span class='ocrx_word' id='word_1_245' title='bbox 1501 1659 1636 1696; x_wconf 89' lang='lat' dir='ltr'>causis</span> <span class='ocrx_word' id='word_1_246' title='bbox 1667 1658 1766 1696; x_wconf 90' lang='lat' dir='ltr'>mihi</span> <span class='ocrx_word' id='word_1_247' title='bbox 1796 1658 1967 1712; x_wconf 86' lang='lat' dir='ltr'>quidem</span> <span class='ocrx_word' id='word_1_248' title='bbox 1999 1658 2225 1697; x_wconf 84' lang='lat' dir='ltr'>verisimile</span> <span class='ocrx_word' id='word_1_249' title='bbox 2256 1672 2349 1698; x_wconf 87' lang='lat' dir='ltr'>esse</span> <span class='ocrx_word' id='word_1_250' title='bbox 2382 1659 2565 1712; x_wconf 75' lang='lat' dir='ltr'>videtur,</span> <span class='ocrx_word' id='word_1_251' title='bbox 2603 1658 2692 1696; x_wconf 88' lang='lat' dir='ltr'>uni-</span> 
     </span>
     <span class='ocr_line' id='line_1_22' title="bbox 598 1734 2692 1790; baseline -0.001 -15"><span class='ocrx_word' id='word_1_252' title='bbox 598 1749 764 1775; x_wconf 77' lang='lat' dir='ltr'>versum</span> <span class='ocrx_word' id='word_1_253' title='bbox 794 1736 836 1774; x_wconf 88' lang='lat' dir='ltr'>in</span> <span class='ocrx_word' id='word_1_254' title='bbox 867 1749 952 1790; x_wconf 84' lang='lat' dir='ltr'>quo</span> <span class='ocrx_word' id='word_1_255' title='bbox 981 1734 1173 1775; x_wconf 84' lang='lat' dir='ltr'>Priamus</span> <span class='ocrx_word' id='word_1_256' title='bbox 1203 1735 1440 1784; x_wconf 75' lang='lat' dir='ltr'>arcessitur,</span> <span class='ocrx_word' id='word_1_257' title='bbox 1467 1734 1606 1775; x_wconf 84' lang='lat' dir='ltr'>locum</span> <span class='ocrx_word' id='word_1_258' title='bbox 1638 1735 1689 1774; x_wconf 87' lang='lat' dir='ltr'>ad</span> <span class='ocrx_word' id='word_1_259' title='bbox 1720 1734 2027 1790; x_wconf 85' lang='lat' dir='ltr'>conjungendas</span> <span class='ocrx_word' id='word_1_260' title='bbox 2058 1735 2188 1775; x_wconf 84' lang='lat' dir='ltr'>varias</span> <span class='ocrx_word' id='word_1_261' title='bbox 2227 1735 2387 1790; x_wconf 86' lang='lat' dir='ltr'>sibique</span> <span class='ocrx_word' id='word_1_262' title='bbox 2416 1742 2692 1790; x_wconf 84' lang='lat' dir='ltr'>repugnantes</span> 
     </span>
     <span class='ocr_line' id='line_1_23' title="bbox 597 1810 2693 1866; baseline -0 -15"><span class='ocrx_word' id='word_1_263' title='bbox 597 1813 848 1851; x_wconf 82' lang='lat' dir='ltr'>narrationes</span> <span class='ocrx_word' id='word_1_264' title='bbox 878 1810 1039 1852; x_wconf 81' lang='lat' dir='ltr'>factum</span> <span class='ocrx_word' id='word_1_265' title='bbox 1070 1824 1177 1860; x_wconf 89' lang='lat' dir='ltr'>esse,</span> <span class='ocrx_word' id='word_1_266' title='bbox 1205 1812 1389 1866; x_wconf 91' lang='lat' dir='ltr'>primum</span> <span class='ocrx_word' id='word_1_267' title='bbox 1420 1813 1468 1850; x_wconf 90' lang='lat' dir='ltr'>ad</span> <span class='ocrx_word' id='word_1_268' title='bbox 1499 1812 1803 1852; x_wconf 88' lang='lat' dir='ltr'>conciliandum</span> <span class='ocrx_word' id='word_1_269' title='bbox 1831 1824 2002 1851; x_wconf 87' lang='lat' dir='ltr'>carmen</span> <span class='ocrx_word' id='word_1_270' title='bbox 2033 1812 2172 1864; x_wconf 89' lang='lat' dir='ltr'>ipsum</span> <span class='ocrx_word' id='word_1_271' title='bbox 2205 1824 2298 1851; x_wconf 90' lang='lat' dir='ltr'>cum</span> <span class='ocrx_word' id='word_1_272' title='bbox 2328 1812 2514 1851; x_wconf 81' lang='lat' dir='ltr'>versibus</span> <span class='ocrx_word' id='word_1_273' title='bbox 2545 1819 2693 1865; x_wconf 84' lang='lat' dir='ltr'>postea</span> 
     </span>
     <span class='ocr_line' id='line_1_24' title="bbox 596 1888 2694 1943; baseline -0 -16"><span class='ocrx_word' id='word_1_274' title='bbox 596 1890 757 1941; x_wconf 84' lang='lat' dir='ltr'>additis,</span> <span class='ocrx_word' id='word_1_275' title='bbox 786 1889 937 1927; x_wconf 84' lang='lat' dir='ltr'>deinde</span> <span class='ocrx_word' id='word_1_276' title='bbox 976 1902 1078 1929; x_wconf 85' lang='lat' dir='ltr'>vero</span> <span class='ocrx_word' id='word_1_277' title='bbox 1119 1890 1169 1928; x_wconf 88' lang='lat' dir='ltr'>ad</span> <span class='ocrx_word' id='word_1_278' title='bbox 1209 1889 1522 1943; x_wconf 83' lang='lat' dir='ltr'>conjungendas</span> <span class='ocrx_word' id='word_1_279' title='bbox 1565 1889 1663 1927; x_wconf 81' lang='lat' dir='ltr'>(luas</span> <span class='ocrx_word' id='word_1_280' title='bbox 1706 1888 1824 1940; x_wconf 90' lang='lat' dir='ltr'>hujus</span> <span class='ocrx_word' id='word_1_281' title='bbox 1869 1901 2036 1943; x_wconf 90' lang='lat' dir='ltr'>quoque</span> <span class='ocrx_word' id='word_1_282' title='bbox 2080 1889 2162 1928; x_wconf 91' lang='lat' dir='ltr'>loci</span> <span class='ocrx_word' id='word_1_283' title='bbox 2200 1897 2354 1941; x_wconf 86' lang='lat' dir='ltr'>partes.</span> <span class='ocrx_word' id='word_1_284' title='bbox 2421 1890 2527 1927; x_wconf 89' lang='lat' dir='ltr'>Tres</span> <span class='ocrx_word' id='word_1_285' title='bbox 2568 1889 2694 1943; x_wconf 81' lang='lat' dir='ltr'>igitur</span> 
     </span>
     <span class='ocr_line' id='line_1_25' title="bbox 596 1965 2690 2021; baseline 0.001 -16"><span class='ocrx_word' id='word_1_286' title='bbox 596 1966 838 2020; x_wconf 85' lang='lat' dir='ltr'>interpolati</span> <span class='ocrx_word' id='word_1_287' title='bbox 883 1965 1075 2005; x_wconf 84' lang='lat' dir='ltr'>carminis</span> <span class='ocrx_word' id='word_1_288' title='bbox 1115 1973 1258 2019; x_wconf 88' lang='lat' dir='ltr'>partes</span> <span class='ocrx_word' id='word_1_289' title='bbox 1302 1974 1446 2009; x_wconf 76' lang='lat' dir='ltr'>erunt:</span> <span class='ocrx_word' id='word_1_290' title='bbox 1495 1965 1537 2019; x_wconf 90' lang='grc'>1)</span> <span class='ocrx_word' id='word_1_291' title='bbox 1568 1979 1634 2006; x_wconf 79' lang='lat' dir='ltr'>vv.</span> <span class='ocrx_word' id='word_1_292' title='bbox 1672 1966 1871 2005; x_wconf 84' lang='grc'>103-110</span> <span class='ocrx_word' id='word_1_293' title='bbox 1908 1974 1946 2005; x_wconf 87' lang='lat' dir='ltr'>et</span> <span class='ocrx_word' id='word_1_294' title='bbox 1991 1966 2226 2008; x_wconf 81' lang='lat'>116-120:</span> <span class='ocrx_word' id='word_1_295' title='bbox 2275 1967 2319 2017; x_wconf 81' lang='lat'>2)</span> <span class='ocrx_word' id='word_1_296' title='bbox 2351 1979 2459 2021; x_wconf 84' lang='lat' dir='ltr'>quae</span> <span class='ocrx_word' id='word_1_297' title='bbox 2488 1981 2509 2005; x_wconf 87' lang='lat' dir='ltr'>a</span> <span class='ocrx_word' id='word_1_298' title='bbox 2540 1980 2580 2005; x_wconf 78' lang='lat' dir='ltr'>v.</span> <span class='ocrx_word' id='word_1_299' title='bbox 2610 1967 2690 2007; x_wconf 72' lang='lat'>207</span> 
     </span>
     <span class='ocr_line' id='line_1_26' title="bbox 597 2042 2692 2098; baseline 0.001 -15"><span class='ocrx_word' id='word_1_300' title='bbox 597 2044 766 2084; x_wconf 78' lang='lat' dir='ltr'>videtur</span> <span class='ocrx_word' id='word_1_301' title='bbox 795 2044 1001 2097; x_wconf 88' lang='lat' dir='ltr'>incipere,</span> <span class='ocrx_word' id='word_1_302' title='bbox 1036 2052 1079 2085; x_wconf 89' lang='lat' dir='ltr'>et</span> <span class='ocrx_word' id='word_1_303' title='bbox 1109 2057 1217 2098; x_wconf 87' lang='lat' dir='ltr'>quae</span> <span class='ocrx_word' id='word_1_304' title='bbox 1249 2045 1318 2084; x_wconf 82' lang='lat' dir='ltr'>vel</span> <span class='ocrx_word' id='word_1_305' title='bbox 1346 2044 1422 2083; x_wconf 90' lang='lat' dir='ltr'>alia</span> <span class='ocrx_word' id='word_1_306' title='bbox 1453 2044 1635 2098; x_wconf 87' lang='lat' dir='ltr'>quadam</span> <span class='ocrx_word' id='word_1_307' title='bbox 1680 2056 1727 2082; x_wconf 87' lang='lat' dir='ltr'>re</span> <span class='ocrx_word' id='word_1_308' title='bbox 1764 2043 1815 2082; x_wconf 91' lang='lat' dir='ltr'>ab</span> <span class='ocrx_word' id='word_1_309' title='bbox 1864 2044 1989 2083; x_wconf 85' lang='lat' dir='ltr'>altera</span> <span class='ocrx_word' id='word_1_310' title='bbox 2030 2043 2099 2082; x_wconf 89' lang='lat' dir='ltr'>illa</span> <span class='ocrx_word' id='word_1_311' title='bbox 2139 2042 2312 2082; x_wconf 81' lang='lat' dir='ltr'>differre</span> <span class='ocrx_word' id='word_1_312' title='bbox 2350 2044 2528 2093; x_wconf 77' lang='lat' dir='ltr'>videtur,</span> <span class='ocrx_word' id='word_1_313' title='bbox 2561 2042 2692 2098; x_wconf 79' lang='grc' dir='ltr'><em>τιμὴν</em></span> 
     </span>
     <span class='ocr_line' id='line_1_27' title="bbox 598 2120 2690 2176; baseline 0 -16"><span class='ocrx_word' id='word_1_314' title='bbox 598 2122 709 2161; x_wconf 88' lang='lat' dir='ltr'>enim</span> <span class='ocrx_word' id='word_1_315' title='bbox 750 2131 791 2160; x_wconf 89' lang='lat' dir='ltr'>et</span> <span class='ocrx_word' id='word_1_316' title='bbox 830 2135 923 2161; x_wconf 92' lang='lat' dir='ltr'>eam</span> <span class='ocrx_word' id='word_1_317' title='bbox 964 2122 1135 2176; x_wconf 86' lang='lat' dir='ltr'>quidem</span> <span class='ocrx_word' id='word_1_318' title='bbox 1174 2121 1461 2176; x_wconf 86' lang='lat' dir='ltr'>gravissimam</span> <span class='ocrx_word' id='word_1_319' title='bbox 1494 2122 1707 2160; x_wconf 70' lang='lat'>285--291</span> <span class='ocrx_word' id='word_1_320' title='bbox 1741 2120 1862 2160; x_wconf 84' lang='lat' dir='ltr'>addit.</span> <span class='ocrx_word' id='word_1_321' title='bbox 1920 2122 2005 2159; x_wconf 89' lang='lat' dir='ltr'>Has</span> <span class='ocrx_word' id='word_1_322' title='bbox 2047 2128 2184 2159; x_wconf 83' lang='lat' dir='ltr'>autem</span> <span class='ocrx_word' id='word_1_323' title='bbox 2225 2128 2414 2161; x_wconf 86' lang='lat' dir='ltr'>veterum</span> <span class='ocrx_word' id='word_1_324' title='bbox 2459 2122 2690 2161; x_wconf 85' lang='lat' dir='ltr'>carminum</span> 
     </span>
     <span class='ocr_line' id='line_1_28' title="bbox 597 2186 2696 2253; baseline 0 -15"><span class='ocrx_word' id='word_1_325' title='bbox 597 2199 795 2253; x_wconf 77' lang='lat' dir='ltr'>reliquias</span> <span class='ocrx_word' id='word_1_326' title='bbox 825 2212 916 2238; x_wconf 84' lang='lat' dir='ltr'>esse</span> <span class='ocrx_word' id='word_1_327' title='bbox 948 2207 1065 2251; x_wconf 91' lang='lat' dir='ltr'>puto,</span> <span class='ocrx_word' id='word_1_328' title='bbox 1099 2199 1248 2252; x_wconf 90' lang='lat' dir='ltr'>quibus</span> <span class='ocrx_word' id='word_1_329' title='bbox 1279 2213 1409 2252; x_wconf 89' lang='lat' dir='ltr'>quum</span> <span class='ocrx_word' id='word_1_330' title='bbox 1442 2198 1610 2237; x_wconf 86' lang='lat' dir='ltr'>alterius</span> <span class='ocrx_word' id='word_1_331' title='bbox 1642 2198 1802 2237; x_wconf 89' lang='lat' dir='ltr'>initium</span> <span class='ocrx_word' id='word_1_332' title='bbox 1842 2198 1990 2246; x_wconf 91' lang='lat' dir='ltr'>solum,</span> <span class='ocrx_word' id='word_1_333' title='bbox 2038 2197 2208 2237; x_wconf 77' lang='lat' dir='ltr'>alterius</span> <span class='ocrx_word' id='word_1_334' title='bbox 2251 2211 2353 2237; x_wconf 89' lang='lat' dir='ltr'>vero</span> <span class='ocrx_word' id='word_1_335' title='bbox 2394 2186 2495 2236; x_wconf 88' lang='lat' dir='ltr'>nihil</span> <span class='ocrx_word' id='word_1_336' title='bbox 2528 2207 2696 2251; x_wconf 83' lang='lat' dir='ltr'>praeter</span> 
     </span>
     <span class='ocr_line' id='line_1_29' title="bbox 598 2268 2692 2328; baseline -0.001 -13"><span class='ocrx_word' id='word_1_337' title='bbox 598 2275 724 2315; x_wconf 89' lang='lat' dir='ltr'>finem</span> <span class='ocrx_word' id='word_1_338' title='bbox 756 2284 929 2327; x_wconf 83' lang='lat' dir='ltr'>extaret,</span> <span class='ocrx_word' id='word_1_339' title='bbox 958 2282 997 2315; x_wconf 87' lang='lat' dir='ltr'>et</span> <span class='ocrx_word' id='word_1_340' title='bbox 1026 2275 1077 2314; x_wconf 86' lang='lat' dir='ltr'>ad</span> <span class='ocrx_word' id='word_1_341' title='bbox 1105 2274 1205 2314; x_wconf 91' lang='lat' dir='ltr'>haec</span> <span class='ocrx_word' id='word_1_342' title='bbox 1234 2275 1345 2315; x_wconf 89' lang='lat' dir='ltr'>inter</span> <span class='ocrx_word' id='word_1_343' title='bbox 1376 2287 1421 2313; x_wconf 90' lang='lat' dir='ltr'>se</span> <span class='ocrx_word' id='word_1_344' title='bbox 1452 2273 1741 2327; x_wconf 84' lang='lat' dir='ltr'>conjungenda</span> <span class='ocrx_word' id='word_1_345' title='bbox 1773 2282 1812 2313; x_wconf 91' lang='lat' dir='ltr'>et</span> <span class='ocrx_word' id='word_1_346' title='bbox 1839 2274 1891 2312; x_wconf 82' lang='lat' dir='ltr'>ad</span> <span class='ocrx_word' id='word_1_347' title='bbox 1920 2274 2158 2315; x_wconf 86' lang='lat' dir='ltr'>universam</span> <span class='ocrx_word' id='word_1_348' title='bbox 2190 2268 2346 2328; x_wconf 78' lang='grc' dir='ltr'><em>ὁρκίων</em></span> <span class='ocrx_word' id='word_1_349' title='bbox 2374 2282 2466 2314; x_wconf 85' lang='lat' dir='ltr'>ante</span> <span class='ocrx_word' id='word_1_350' title='bbox 2506 2289 2692 2328; x_wconf 84' lang='lat' dir='ltr'>pugnam</span> 
     </span>
     <span class='ocr_line' id='line_1_30' title="bbox 599 2350 2694 2407; baseline -0 -15"><span class='ocrx_word' id='word_1_351' title='bbox 599 2353 881 2393; x_wconf 86' lang='lat' dir='ltr'>narrationem</span> <span class='ocrx_word' id='word_1_352' title='bbox 915 2366 1010 2391; x_wconf 93' lang='lat' dir='ltr'>cum</span> <span class='ocrx_word' id='word_1_353' title='bbox 1038 2352 1219 2407; x_wconf 87' lang='lat' dir='ltr'>genuino</span> <span class='ocrx_word' id='word_1_354' title='bbox 1260 2351 1443 2390; x_wconf 88' lang='lat' dir='ltr'>carmine</span> <span class='ocrx_word' id='word_1_355' title='bbox 1489 2350 1787 2390; x_wconf 87' lang='lat' dir='ltr'>conciliandam</span> <span class='ocrx_word' id='word_1_356' title='bbox 1833 2351 2000 2390; x_wconf 87' lang='lat' dir='ltr'>tertia</span> <span class='ocrx_word' id='word_1_357' title='bbox 2040 2352 2189 2391; x_wconf 85' lang='lat' dir='ltr'>inserta</span> <span class='ocrx_word' id='word_1_358' title='bbox 2232 2360 2314 2399; x_wconf 85' lang='lat' dir='ltr'>est,</span> <span class='ocrx_word' id='word_1_359' title='bbox 2355 2366 2434 2405; x_wconf 86' lang='lat' dir='ltr'>qua</span> <span class='ocrx_word' id='word_1_360' title='bbox 2480 2352 2694 2405; x_wconf 89' lang='lat' dir='ltr'>quomodo</span> 
     </span>
     <span class='ocr_line' id='line_1_31' title="bbox 596 2428 1585 2481; baseline -0.001 -13"><span class='ocrx_word' id='word_1_361' title='bbox 596 2429 789 2469; x_wconf 77' lang='lat' dir='ltr'>Priamus</span> <span class='ocrx_word' id='word_1_362' title='bbox 821 2443 870 2468; x_wconf 83' lang='lat' dir='ltr'>ex</span> <span class='ocrx_word' id='word_1_363' title='bbox 902 2430 1006 2469; x_wconf 89' lang='lat' dir='ltr'>urbe</span> <span class='ocrx_word' id='word_1_364' title='bbox 1037 2428 1260 2468; x_wconf 86' lang='lat' dir='ltr'>arcessitus</span> <span class='ocrx_word' id='word_1_365' title='bbox 1289 2428 1355 2481; x_wconf 89' lang='lat' dir='ltr'>sit,</span> <span class='ocrx_word' id='word_1_366' title='bbox 1382 2437 1585 2468; x_wconf 84' lang='lat' dir='ltr'>narratur.</span> 
     </span>
    </p>

    <p class='ocr_par' dir='ltr' id='par_1_5' title="bbox 599 2505 2694 2639">
     <span class='ocr_line' id='line_1_32' title="bbox 801 2505 2693 2561; baseline -0.001 -15"><span class='ocrx_word' id='word_1_367' title='bbox 801 2509 920 2547; x_wconf 87' lang='lat' dir='ltr'>Nunc</span> <span class='ocrx_word' id='word_1_368' title='bbox 950 2508 1002 2547; x_wconf 88' lang='lat' dir='ltr'>de</span> <span class='ocrx_word' id='word_1_369' title='bbox 1032 2507 1338 2560; x_wconf 88' lang='lat' dir='ltr'>teichoscopia,</span> <span class='ocrx_word' id='word_1_370' title='bbox 1367 2521 1489 2561; x_wconf 86' lang='lat' dir='ltr'>quam</span> <span class='ocrx_word' id='word_1_371' title='bbox 1521 2505 1683 2556; x_wconf 83' lang='lat' dir='ltr'>dicunt,</span> <span class='ocrx_word' id='word_1_372' title='bbox 1717 2507 1913 2547; x_wconf 87' lang='lat' dir='ltr'>nonnulla</span> <span class='ocrx_word' id='word_1_373' title='bbox 1937 2505 2098 2547; x_wconf 81' lang='lat' dir='ltr'>addam.</span> <span class='ocrx_word' id='word_1_374' title='bbox 2156 2506 2364 2556; x_wconf 85' lang='lat' dir='ltr'>Primum,</span> <span class='ocrx_word' id='word_1_375' title='bbox 2393 2507 2693 2561; x_wconf 86' lang='lat' dir='ltr'>interpolatum</span> 
     </span>
     <span class='ocr_line' id='line_1_33' title="bbox 599 2583 2694 2639; baseline -0.001 -15"><span class='ocrx_word' id='word_1_376' title='bbox 599 2586 680 2624; x_wconf 84' lang='lat' dir='ltr'>hoc</span> <span class='ocrx_word' id='word_1_377' title='bbox 711 2599 881 2624; x_wconf 84' lang='lat' dir='ltr'>carmen</span> <span class='ocrx_word' id='word_1_378' title='bbox 914 2599 1019 2634; x_wconf 88' lang='lat' dir='ltr'>csse,</span> <span class='ocrx_word' id='word_1_379' title='bbox 1047 2586 1131 2637; x_wconf 91' lang='lat' dir='ltr'>jam</span> <span class='ocrx_word' id='word_1_380' title='bbox 1163 2599 1212 2625; x_wconf 87' lang='lat' dir='ltr'>eo</span> <span class='ocrx_word' id='word_1_381' title='bbox 1239 2593 1369 2638; x_wconf 82' lang='lat' dir='ltr'>patet,</span> <span class='ocrx_word' id='word_1_382' title='bbox 1413 2585 1529 2638; x_wconf 87' lang='lat' dir='ltr'>quod</span> <span class='ocrx_word' id='word_1_383' title='bbox 1558 2583 1663 2623; x_wconf 82' lang='lat' dir='ltr'>salso</span> <span class='ocrx_word' id='word_1_384' title='bbox 1710 2584 1806 2623; x_wconf 93' lang='lat' dir='ltr'>loco</span> <span class='ocrx_word' id='word_1_385' title='bbox 1847 2586 2047 2623; x_wconf 88' lang='lat' dir='ltr'>insertum</span> <span class='ocrx_word' id='word_1_386' title='bbox 2092 2591 2156 2623; x_wconf 87' lang='lat' dir='ltr'>est</span> <span class='ocrx_word' id='word_1_387' title='bbox 2197 2584 2451 2638; x_wconf 85' lang='lat' dir='ltr'>negligentia</span> <span class='ocrx_word' id='word_1_388' title='bbox 2495 2586 2583 2637; x_wconf 89' lang='lat' dir='ltr'>ejus</span> <span class='ocrx_word' id='word_1_389' title='bbox 2621 2585 2694 2639; x_wconf 89' lang='lat' dir='ltr'>qui</span> 
     </span>
    </p>
   </div>
   <div class='ocr_carea' id='block_1_3' title="bbox 601 2660 2693 2719">
    <p class='ocr_par' dir='ltr' id='par_1_6' title="bbox 601 2660 2693 2719">
     <span class='ocr_line' id='line_1_34' title="bbox 601 2660 2693 2719; baseline -0.001 -18"><span class='ocrx_word' id='word_1_390' title='bbox 601 2677 750 2702; x_wconf 89' lang='lat' dir='ltr'>munus</span> <span class='ocrx_word' id='word_1_391' title='bbox 782 2664 982 2717; x_wconf 79' lang='lat' dir='ltr'>suscepit,</span> <span class='ocrx_word' id='word_1_392' title='bbox 1014 2664 1173 2718; x_wconf 87' lang='lat' dir='ltr'>singula</span> <span class='ocrx_word' id='word_1_393' title='bbox 1204 2662 1385 2703; x_wconf 82' lang='lat' dir='ltr'>carmina</span> <span class='ocrx_word' id='word_1_394' title='bbox 1417 2661 1710 2716; x_wconf 87' lang='lat' dir='ltr'>componendi.</span> <span class='ocrx_word' id='word_1_395' title='bbox 1771 2660 1898 2719; x_wconf 74' lang='lat' dir='ltr'>Quod</span> <span class='ocrx_word' id='word_1_396' title='bbox 1927 2660 2034 2702; x_wconf 84' lang='lat' dir='ltr'>enim</span> <span class='ocrx_word' id='word_1_397' title='bbox 2053 2675 2090 2701; x_wconf 77' lang='lat' dir='ltr'>v.</span> <span class='ocrx_word' id='word_1_398' title='bbox 2112 2662 2188 2701; x_wconf 65' lang='lat'>134</span> <span class='ocrx_word' id='word_1_399' title='bbox 2211 2660 2365 2701; x_wconf 81' lang='lat' dir='ltr'>dictum</span> <span class='ocrx_word' id='word_1_400' title='bbox 2388 2670 2462 2714; x_wconf 85' lang='lat' dir='ltr'>est,</span> <span class='ocrx_word' id='word_1_401' title='bbox 2493 2660 2693 2702; x_wconf 82' lang='lat' dir='ltr'>exercitus</span> 
     </span>
    </p>
   </div>
  </div>
 </body>
</html>
