3075 4109
1054 367 1123 375 -
1261 340 1326 386 21
1474 366 1537 375 -

456 484 536 523 Hic
566 482 707 522 Thetis
736 481 846 535 apud
873 479 1016 531 filium,
1045 479 1112 520 cui
1139 492 1247 521 nova
1275 492 1387 519 arma
1418 492 1441 518 a
1473 478 1662 521 Vulcano
1702 479 1808 520 facta
1847 480 1998 529 attulit,
2038 488 2338 533 commoratur,

238 572 285 604 ut
314 572 353 604 et
383 560 513 618 ipsius
556 560 661 601 vires
698 568 843 616 augeat
883 566 924 599 et
961 558 1144 599 Patrocli
1173 569 1329 612 corpus
1376 571 1398 597 a
1440 556 1656 611 putredine
1698 555 1901 599 defendat.
1980 558 2059 598 Sed
2103 566 2340 613 postquam

238 640 424 682 Achilles
451 639 494 678 in
523 638 771 680 concionem
801 636 914 686 abiit,
945 635 1045 676 nihil
1074 634 1249 689 amplius
1283 633 1334 674 de
1352 634 1440 689 ejus
1457 642 1586 675 matre
1616 634 1865 689 accipimus3
1895 648 1978 675 non
2009 634 2050 674 in
2081 649 2194 675 mare
2228 634 2339 675 redi·

239 718 323 757 isse
350 723 557 766 narratur,
588 715 702 771 quod
730 723 863 755 tamen
895 712 1003 752 haud
1043 711 1165 751 dubie
1195 709 1320 759 fecit,
1355 711 1465 751 sicut
1494 711 1764 752 Antilochum
1797 725 1967 768 quoque
2007 725 2105 752 mox
2141 713 2191 752 ad
2228 725 2337 752 suos

239 793 410 833 rediisse
443 792 790 834 verisimillimum
820 799 894 829 est.
952 785 1114 850 Quodsi
1126 788 1264 829 Antilo
1278 788 1347 828 chi
1377 796 1535 829 tantum
1553 790 1707 830 oblitus
1732 797 1838 830 esset
1849 797 2005 837 auctor,
2035 802 2118 829 non
2136 789 2337 839 mirarer;

241 871 312 910 sed
341 870 568 912 Thetidem
599 881 768 924 quoque
799 867 851 907 ab
881 880 931 908 eo
961 866 1190 921 neglectam
1219 879 1331 914 esse,
1362 865 1431 905 cui
1459 865 1540 907 hoc
1566 880 1649 907 non
1684 866 1874 908 videatur
1887 866 2061 907 mirum?
2116 868 2206 906 Jam
2234 880 2332 907 vero

240 950 299 988 sic
328 949 568 989 ratiocinor.
628 945 741 1003 Quid
772 944 898 1000 magis
931 944 1150 984 verisimile
1180 953 1261 995 est,
1286 958 1411 999 quam
1441 943 1749 998 compositoris,
1785 957 1869 984 non
1909 945 2141 986 inventoris
2180 945 2331 985 horum

242 1026 471 1066 carminum
501 1023 669 1079 ingenio
701 1035 775 1061 nos
803 1021 901 1061 talia
932 1020 1125 1061 debere?
1181 1021 1447 1075 Compositor
1475 1022 1653 1061 carmina
1682 1021 1799 1063 habet
1829 1035 1936 1078 quae
1962 1023 2071 1062 inter
2100 1036 2143 1062 se
2173 1023 2336 1077 jungat;

240 1102 306 1143 fac
336 1116 431 1142 eum
464 1102 675 1141 hominem
707 1113 795 1139 esse
827 1099 1096 1138 mediocriter
1128 1098 1503 1152 circumspectum:
1546 1113 1592 1139 ea
1631 1100 1800 1154 quidem
1840 1108 1879 1139 et
1909 1099 2062 1141 videbit
2106 1108 2149 1139 et
2178 1099 2333 1140 delebit

246 1194 351 1236 quae
380 1180 455 1219 sibi
485 1188 628 1232 aperte
658 1185 914 1232 repugnant3
947 1177 1073 1215 multa
1107 1175 1285 1216 fortasse
1313 1176 1450 1224 addet,
1479 1191 1529 1216 ne
1560 1177 1658 1233 quid
1687 1177 1807 1230 desit,
1832 1192 1916 1233 quo
1957 1180 2195 1218 necessario
2227 1193 2334 1233 opus

246 1267 310 1299 est
338 1266 383 1297 ut
412 1270 579 1297 carmen
608 1256 686 1311 legi
715 1253 859 1308 possit,
901 1253 975 1293 sed
1019 1267 1101 1292 non
1133 1267 1182 1293 eo
1211 1267 1257 1293 se
1306 1254 1441 1293 animo
1481 1256 1633 1309 poterit
1675 1256 1881 1304 imbuere,
1925 1270 2046 1310 quem
2091 1257 2181 1297 veri
2224 1257 2335 1311 epici

245 1343 398 1390 poetae
428 1333 645 1390 proprium
676 1345 767 1372 esse
797 1331 999 1371 ducimus.
1059 1332 1128 1372 Sic
1157 1331 1199 1370 in
1223 1333 1362 1385 parvis
1389 1331 1572 1372 sortasse
1609 1333 1729 1373 rebus
1765 1332 2107 1383 deprehendetur.
2166 1333 2334 1389 Quodsi

244 1413 336 1454 veri
365 1428 446 1455 non
478 1421 540 1452 est
571 1411 769 1461 absimile,
796 1410 943 1450 talibus
973 1409 1083 1449 vitiis
1112 1409 1399 1459 imperfectum
1433 1410 1725 1459 compositoris
1752 1411 1934 1451 laborem
1965 1412 2163 1466 cognosci
2193 1425 2326 1462 posse,

246 1504 385 1531 nonne
416 1504 465 1529 eo
495 1489 747 1541 adducimur,
776 1497 820 1527 ut
849 1487 1092 1542 judicemus,
1120 1486 1187 1525 ubi
1216 1486 1422 1541 ejusmodi
1451 1487 1593 1527 vitium
1625 1488 1843 1542 reperitur,
1871 1488 1911 1528 h.
1927 1501 1963 1532 e.
1985 1489 2052 1529 ubi
2072 1490 2329 1540 compositor

246 1581 414 1618 operam
445 1581 568 1622 quam
598 1567 678 1605 hoc
707 1567 795 1615 ipso
832 1567 925 1605 loco
969 1572 1177 1614 praestare
1220 1563 1421 1616 debebat,
1466 1578 1548 1605 non
1584 1565 1808 1614 praestitit,
1849 1565 1906 1605 ibi
1948 1579 2103 1607 novum
2146 1566 2332 1617 incipere

248 1658 425 1693 carmen,
458 1657 539 1682 non
571 1645 667 1682 satis
694 1644 800 1680 bene
828 1642 877 1679 ab
907 1642 977 1681 illo
1007 1641 1175 1679 homine
1211 1641 1400 1693 junctum
1445 1653 1541 1680 cum
1576 1641 1777 1696 reliquis?
1847 1643 1936 1681 Hae
1979 1651 2116 1682 autem
2147 1642 2330 1683 rationes

247 1723 398 1772 optime
429 1729 616 1763 nostrum
641 1721 681 1759 in
711 1720 850 1759 locum
881 1717 1096 1773 quadrant.
1155 1718 1191 1756 A
1226 1731 1351 1758 versu
1390 1718 1500 1757 enim
1531 1719 1585 1758 40
1617 1718 1708 1757 libri
1744 1717 1784 1759 T
1807 1732 1937 1775 usque
1979 1719 2030 1758 ad
2063 1734 2099 1761 v.
2131 1721 2205 1761 281
2242 1733 2332 1760 car·

245 1813 340 1839 men
371 1799 532 1855 legitur,
563 1797 678 1853 quod
705 1794 883 1850 μῆνιὸος
911 1790 1159 1850 ἆπόῤῥησις
1188 1806 1375 1844 vocatur,
1406 1795 1602 1851 quodque
1624 1795 1967 1846 perfectissimum
1999 1805 2037 1838 et
2074 1796 2326 1838 absolutissi-

246 1891 357 1916 mum
389 1885 464 1925 est,
492 1876 547 1915 ita
577 1883 622 1914 ut
652 1875 720 1914 vix
757 1874 1004 1927 quidquam,
1044 1873 1202 1912 etiamsi
1239 1873 1442 1922 volueris,
1486 1872 1639 1913 addere
1680 1874 1819 1922 possis.
1889 1875 1942 1912 Et
1993 1889 2115 1928 quam
2156 1874 2328 1924 pulchre

249 1966 417 1993 carmen
447 1952 607 2001 incipit:

716 2021 856 2080 αι’)ιάρ
887 2022 910 2067 ὃ
939 2025 991 2080 βῆ
1020 2022 1145 2081 παρὰ
1173 2026 1283 2066 θῖνα
1310 2022 1543 2080 θαλάσσης
1573 2018 1904 2077 δῖοςῖὶχιλλειῖς

715 2102 963 2160 σμερδαλέα
991 2100 1148 2156 ἰάχων,
1177 2098 1318 2160 ὦρσεν
1347 2103 1385 2145 δ’
1413 2102 1554 2159 ἥρωας
1575 2100 1793 2155 Ἀχαιούς.

713 2186 786 2224 καὶ
816 2181 853 2238 ῥ’
883 2183 926 2224 o‘c'
953 2195 1037 2238 περ
1066 2180 1117 2223 τὸ
1146 2181 1288 2239 πάρος
1315 2197 1363 2235 γε
1393 2183 1505 2224 νεῶν
1532 2181 1580 2225 ἐν
1610 2179 1747 2236 ἀγῶνι
1778 2187 2007 2237 μένεσκον,

717 2261 761 2303 o‘e‘
789 2275 836 2302 τε
866 2261 1120 2317 κυβερνῆται
1150 2265 1223 2303 καὶ
1251 2260 1354 2313 ἕχον
1383 2258 1501 2317 οἰήια
1532 2263 1648 2317 νηῶν

714 2344 787 2381 καῖ
818 2343 972 2393 ταμίαι
1003 2341 1128 2395 παρὰ
1157 2344 1310 2395 νηυσὶν
1337 2340 1463 2390 ἔσαν,
1494 2343 1637 2382 σίτοιο
1667 2341 1855 2396 δοτῆρες,

714 2422 787 2460 καὶ
812 2417 897 2473 μὴν
927 2417 972 2460 οἵ
996 2416 1097 2460 τότε
1125 2421 1162 2471 r'
1190 2418 1252 2465 εἷς
1279 2415 1442 2474 ἀγορὴν
1470 2421 1591 2469 ἴσαν,
1622 2417 1762 2460 οὕνεκ’
1784 2415 2004 2469 Ἀχιλλεύς

714 2493 919 2552 ἐξεφάνη,
952 2495 1083 2554 δηρὸν
1111 2496 1157 2539 δὲ
1185 2493 1324 2553 μάχης
1352 2496 1568 2539 ἐπέπαυτ’
1597 2494 1830 2552 ἀλεγεινῆς.

246 2576 463 2617 Postremo
492 2585 640 2626 autem,
670 2576 861 2615 omnibus
891 2590 999 2631 quae
1029 2585 1071 2616 et
1099 2577 1272 2617 dicenda
1303 2586 1345 2616 et
1373 2577 1562 2617 facienda
1600 2586 1716 2617 erant
1757 2577 1798 2615 in
1841 2577 1909 2615 illa
1946 2577 2169 2629 concione,
2212 2577 2327 2616 abso·

247 2654 358 2704 lutis,
385 2668 507 2708 quam
539 2654 679 2694 sedate
711 2664 749 2694 et
779 2655 978 2709 graviter,
1008 2669 1221 2710 quamque
1248 2666 1394 2705 tamen,
1420 2663 1468 2694 ut
1497 2655 1548 2693 ita
1566 2655 1711 2706 dicam,
1740 2655 1897 2704 placide
1928 2665 1967 2693 ct
1999 2653 2325 2708 tranquille-inde

247 2745 268 2769 a
300 2745 338 2770 v.
369 2731 450 2772 276
481 2731 718 2772 universum
750 2745 917 2771 carmen
946 2732 1041 2771 exit.
1101 2731 1350 2792 Quis-vero,
1381 2733 1452 2787 qui
1480 2731 1557 2772 hos
1587 2732 1670 2772 duo
1700 2745 1845 2772 versus
1876 2732 1999 2786 legit:

714 2812 787 2849 καὶ
815 2806 871 2849 τὰ
899 2812 980 2862 μὲν
1007 2807 1057 2851 ἐν
1083 2808 1272 2869 κλισίῃσι
1301 2810 1465 2859 θέσαν,
1500 2806 1699 2851 κάθισαν
1726 2808 1770 2850 δὲ
1800 2813 2021 2860 γυναῖκας,

708 2887 878 2934 ἵππους
907 2886 944 2928 δ’
970 2887 1032 2935 εἷς
1060 2883 1222 2943 ἀγέλην
1248 2886 1416 2930 ἔλασαν
1444 2885 1720 2945 θεράποντες
1748 2883 1918 2940 ἀγαυοί.

245 2980 327 3007 non
356 2965 423 3005 hic
452 2964 576 3005 finem
606 2966 801 3006 carminis
830 2966 979 3016 fuisse,
1019 2967 1350 3023 rhapsodumque
1388 2978 1476 3018 post
1511 2968 1585 3009 hos
1628 2980 1769 3008 versus
1798 2967 2022 3017 paullulum
2061 2982 2081 3007 a
2113 2953 2322 3008 narrando

243 3043 497 3100 requievisse
530 3057 694 3085 mecum
724 3043 952 3097 judicabit?
1009 3045 1193 3097 Accedit,
1221 3044 1336 3100 quod
1351 3058 1525 3094 parvum
1553 3045 1633 3085 hoc
1653 3057 1814 3085 carmen
1837 3045 1885 3084 iis
1911 3058 2016 3101 quae
2033 3044 2321 3086 Lachmannus
