3015 4152
1527 408 1590 416 .-
1737 380 1804 427 24
1942 408 2011 415 -

1002 518 1046 559 Φ
1075 519 1153 560 507
1657 516 1735 574 τὴν
1765 518 1811 562 δὲ
1844 522 1974 575 προτὶ
2004 516 2048 559 οἶ

1182 594 1271 638 εἷλε
1307 594 1457 653 πατὴρ
1488 595 1719 654 Κρονίδης,
1749 600 1821 640 καὶ
1850 593 2049 653 ἀνείρετο
2080 590 2158 651 ἦδῦ
2187 590 2407 648 γελάσσας

1181 677 1248 722 τίς
1279 671 1332 717 νύ
1360 686 1412 717 σε
1442 671 1586 718 τοιοίδ’
1614 675 1748 733 ἔρεξε,
1777 675 1911 733 φίλον
1936 675 2072 726 τέκος,
2101 669 2424 732 Οὖρανιοιῖνωνς

914 755 1004 793 Jam
1035 753 1257 794 scholiasta
1286 754 1356 795 has
1389 755 1507 796 locos
1538 757 1817 807 comparavit,
1853 757 1922 811 qui
1951 754 2098 808 (Bekk.
2128 752 2261 795 schol.
2290 753 2332 793 11.
2359 753 2403 802 11,
2434 754 2512 795 584
2554 769 2576 794 a
2606 755 2681 804 38)
2709 755 2807 797 satis

708 829 912 869 ludicram
955 829 1264 869 annotationem
1305 828 1481 872 addidit:
1535 825 1701 885 ἀφελὴς
1741 826 1765 885 ἦ
1804 827 2009 878 διάθεσις
2044 833 2118 872 καὶ
2156 827 2214 885 μὴ
2248 830 2485 886 πρέπουσα
2522 832 2696 882 γυναικὶ
2732 833 2807 870 καὶ

708 901 912 957 μάλιστα
944 905 1173 960 παρθένῳ.
1232 898 1257 959 ἢ
1295 901 1413 956 τάχα
1450 901 1507 953 ὦς
1543 903 1741 963 θυγάτηρ
1781 909 1912 950 τοῦτο
1952 910 2084 949 ποιεῖ’.
2141 903 2166 962 η
2199 906 2246 949 δὲ
2266 903 2505 963 Ἀφροδίτη
2534 903 2612 948 οὒκ
2640 902 2698 949 ἔν’
2716 910 2808 954 τοῖς

709 976 898 1033 γούνασι
928 981 1008 1023 τοῦ
1034 979 1157 1032 Διὸς,
1187 975 1283 1022 ἀλλ’
1310 979 1358 1023 ἐν
1387 985 1477 1029 τοῖς
1504 982 1579 1037 τῆς
1607 979 1792 1038 Διώνης,
1821 985 1964 1024 καίτοι
1993 982 2263 1038 γεγαμημένη
2291 976 2416 1024 οὖσα.
2473 982 2567 1029 πῶς
2596 981 2640 1023 δὲ
2673 977 2698 1037 ἦ
2725 985 2807 1036 μὲν

709 1057 945 1113 ἐμπίπτει,
986 1054 1010 1114 η
1049 1059 1094 1102 δὲ
1132 1057 1355 1114 ἒφέζεται;
1385 1055 1451 1101 ὅτι
1482 1058 1624 1114 ἐκείνη
1653 1058 1729 1101 διὰ
1758 1060 1810 1103 τὸ
1837 1062 2199 1104 καταπονεῒσθαι
2229 1061 2280 1120 τῇ
2316 1060 2456 1121 πληγῇ
2483 1059 2723 1117 ἐφέζεσθαι
2753 1056 2806 1103 οὗ

710 1135 913 1181 δύναται·
947 1164 991 1171 --
1027 1139 1223 1195 Denique
1252 1139 1306 1181 cf.
1338 1138 1382 1179 Φ
1412 1141 1491 1180 514
1530 1153 1625 1179 cum
1661 1138 1704 1180 E
1729 1140 1828 1189 431,
1858 1140 1929 1195 qui
1959 1152 2101 1180 versus
2129 1139 2169 1177 in
2214 1145 2394 1193 utroque
2439 1138 2535 1176 loco
2574 1150 2713 1177 rerum
2763 1139 2805 1177 in

710 1217 821 1259 collo
852 1226 1033 1258 actarum
1064 1216 1341 1257 narrationem
1374 1217 1593 1258 concludit.
1653 1217 1735 1256 Sed
1763 1230 1846 1256 non
1876 1217 2009 1256 solum
2041 1216 2214 1255 deorum
2243 1228 2312 1254 res
2340 1214 2380 1253 in
2413 1224 2596 1269 utroque
2625 1217 2804 1255 carmine

708 1295 932 1336 simillimae
960 1302 1067 1344 sunt,
1099 1307 1244 1335 verum
1277 1294 1394 1337 etiam
1424 1294 1649 1335 hominum.
1723 1296 1853 1334 Antea
1884 1295 2164 1334 demonstrare
2203 1291 2366 1342 studui,
2409 1306 2459 1331 ex
2499 1293 2645 1349 quinto
2674 1293 2804 1334 Lach-

707 1373 845 1412 manni
875 1372 1059 1413 carmine
1090 1384 1163 1412 003
1205 1372 1319 1413 10003
1359 1373 1608 1414 recidendos
1648 1387 1738 1414 esse
1778 1374 1853 1430 qui
1881 1373 1933 1413 de
1979 1373 2067 1414 aliis
2109 1373 2303 1413 heroibus
2347 1381 2529 1429 agerent,
2574 1387 2658 1429 quo
2699 1387 2801 1413 vera

708 1450 829 1491 unius
859 1450 1078 1492 Diomedis
1106 1446 1312 1508 ἀριστεία
1343 1451 1617 1493 efficiebatur.
1674 1452 1851 1492 Ultimos
1865 1462 2002 1491 autem
2034 1451 2165 1491 Iliadis
2192 1450 2322 1491 libros
2344 1466 2473 1507 quum
2501 1452 2541 1490 in
2561 1451 2800 1492 universum

705 1528 985 1568 Lachmannus
1014 1534 1077 1584 (p.
1107 1531 1185 1579 80)
1217 1544 1265 1571 eo
1307 1546 1327 1569 a
1370 1530 1547 1585 reliquis
1578 1529 1748 1569 differre
1779 1529 1899 1578 dicat,
1942 1528 2056 1583 quod
2091 1536 2257 1583 praeter
2285 1528 2484 1569 Achillem
2527 1542 2649 1569 nemo
2679 1530 2801 1570 Grae-

706 1616 851 1645 corum
876 1605 1054 1645 heroum
1084 1607 1271 1656 excellat,
1300 1607 1380 1647 hoc
1397 1615 1530 1647 tamen
1552 1606 1606 1647 de
1635 1607 1683 1646 iis
1715 1606 1889 1645 maxime
1909 1606 2013 1647 valet
2030 1606 2070 1644 in
2088 1606 2239 1660 quibus
2258 1614 2465 1661 pugnatur
2492 1605 2532 1648 h.
2563 1620 2599 1645 e.
2638 1606 2731 1646 Yet
2743 1606 2797 1646 Φ.

706 1679 804 1738 Qui,
851 1694 1103 1735 quamquam
1149 1682 1377 1735 θεομαχία
1424 1693 1460 1721 et
1505 1679 1623 1737 μάχη
1668 1678 2013 1738 παραποτάμιος
2055 1682 2351 1735 inscribuntur,
2408 1682 2620 1735 aptissime
2664 1691 2798 1722 tamen

699 1751 932 1807 Ἀχιλλέως
959 1753 1166 1813 ἀριστεία
1194 1761 1396 1812 appellari
1426 1768 1616 1812 possent3
1646 1761 1719 1799 sed
1733 1775 1905 1814 quoquo
1935 1760 2105 1800 nomine
2122 1767 2333 1811 vocantur,
2360 1758 2402 1798 id
2431 1758 2610 1811 jamnon
2627 1758 2797 1799 dubium

705 1847 797 1874 esse
827 1843 944 1888 puto,
975 1836 1077 1891 quin
1107 1850 1255 1892 magna
1286 1836 1509 1877 similitudo
1543 1837 1649 1876 inter
1679 1850 1746 1876 eos
1778 1835 2003 1877 intercedat
2045 1846 2084 1876 et
2123 1835 2274 1874 librum
2307 1834 2355 1874 E.
2415 1833 2469 1874 cf.
2499 1834 2623 1875 etiam
2659 1834 2696 1875 E
2716 1836 2796 1877 289

705 1924 800 1951 cum
838 1913 881 1952 Y
906 1914 959 1953 78
992 1921 1035 1952 et
1069 1913 1107 1954 E
1132 1915 1213 1955 603
1245 1928 1338 1953 cum
1377 1914 1417 1953 Y
1441 1915 1506 1955 98.
