2820 3793
1117 30 1183 37 ..
1326 3 1357 49 5
1497 32 1567 38 -

292 139 483 182 Transeo
513 137 566 180 ad
595 137 776 181 alterum
805 138 960 192 locum,
987 138 1030 180 in
1058 151 1146 196 quo
1174 138 1277 196 quid
1305 140 1626 196 suppositicium
1654 139 1861 196 judicem,
1896 141 2032 183 statim
2070 138 2220 188 dicam.
2277 143 2385 189 Sunt

291 228 362 261 vv.
393 216 504 258 508-
520 215 615 258 593.
671 216 788 270 Lego
817 216 896 258 itae

702 291 784 335 506
1149 318 1151 320 -
1338 287 1458 349 ἀμφὶ
1487 292 1535 336 δὲ
1563 288 1703 336 νύκτα

791 366 968 426 εθοῦρος
983 363 1113 425 ”Am
1139 364 1354 428 ἐκάλυψε,
1381 366 1500 432 μάχῃ
1534 367 1764 428 Τρώεσσιν
1792 365 1983 428 ἀρήγων,

704 449 783 490 594
813 440 984 505 αῑῦτός
1011 443 1051 488 δ’
1075 443 1126 490 ἐν
1150 443 1385 510 παλάμῃσι
1413 445 1638 506 πελώριον
1664 447 1787 503 ἔγχος
1813 447 1965 505 ἐνώμα
1994 461 2072 493 etc.

290 539 358 568 vv.
390 526 485 568 506.
515 526 595 569 507
637 526 718 582 jam
761 525 967 581 Hauptius
1005 525 1171 580 spurios
1216 525 1416 583 judicavit
1456 528 1530 583 qui
1571 542 1612 570 v.
1642 529 1723 570 512
1765 528 1892 569 simili
1919 537 2089 570 nostrae
2119 527 2413 582 conjecturae*

1820 260 1864 286 Q

290 605 520 647 mutatione
548 604 656 647 facta
684 607 851 661 pergitt
883 607 1084 661 Φοῒβος
1111 605 1163 650 δ’.
1219 609 1353 648 causa
1382 618 1540 658 autem,
1569 610 1623 650 ob
1664 623 1787 664 quam
1817 609 2058 650 universum
2096 608 2207 648 hunc
2240 609 2382 649 locum

290 682 482 736 spurium
510 682 666 737 judico,
710 683 953 740 gravissima
994 685 1037 725 in
1078 684 1234 726 ultimis
1274 685 1465 727 versibus
1505 687 1586 727 589
1607 687 1727 727 -596
1766 686 1902 740 posita
1942 693 2018 729 est.
2085 686 2302 726 Menelaus
2341 693 2384 725 et

289 760 536 803 Antilochus
564 776 693 818 quum
723 763 1020 817 Pylaemenem
1051 764 1228 819 ejusque
1258 762 1444 819 aurigam
1474 763 1686 817 vicissent,
1724 762 1966 803 Antilochus
2009 769 2179 817 captum
2209 774 2381 802 currum

289 840 331 879 in
361 841 617 882 Graecorum
648 844 880 884 exercitum
913 843 1034 885 vehit.
1090 845 1181 883 Hos
1196 843 1359 882 Hector
1372 841 1488 882 videt
1503 843 1627 891 (590)
1644 850 1684 883 et
1712 856 1860 896 magno
1889 855 1982 881 cum
2015 840 2204 881 clamore
2233 823 2384 895 aggi-e-

290 913 416 958 ditur.
476 915 590 974 Quid
618 930 723 962 vero
738 920 970 961 Menelaum
987 917 1306 961 etAntilochum
1322 916 1473 958 fecisse
1498 915 1773 965 censebimus,
1803 924 2028 971 postquam
2057 927 2103 956 se
2119 915 2169 955 ab
2193 915 2382 955 Hectore

289 991 426 1032 invadi
455 993 684 1036 viderunt?
725 996 968 1037 dicemusne
1011 1010 1082 1037 eos
1107 995 1309 1036 restitisse
1340 993 1532 1048 Trojanis
1573 1007 1623 1032 an
1662 993 1845 1047 fugisse?
1898 995 2027 1033 lmmo
2063 1006 2166 1033 vero
2206 993 2380 1034 omnino

288 1083 372 1110 non
410 1068 608 1111 videntur
648 1071 808 1122 adesse,
853 1073 1050 1129 quoniam
1092 1087 1146 1113 ne
1187 1071 1315 1112 verbo
1359 1069 1529 1125 quidem
1575 1077 1965 1111 commemorantur.
2031 1070 2084 1110 Et
2123 1068 2196 1123 qui
2235 1067 2296 1118 fit,
2334 1077 2381 1109 ut

287 1145 467 1186 Martem
494 1160 605 1187 nunc
634 1148 801 1189 demum
830 1150 1060 1190 Diomedes
1096 1148 1256 1196 videat,
1288 1162 1329 1188 v.
1363 1149 1442 1187 519
1473 1147 1582 1186 inter
1620 1159 1693 1187 eos
1724 1146 1961 1186 nominatus
2007 1145 2081 1201 qui
2117 1146 2376 1186 Graecorum

289 1221 484 1265 ductores
511 1224 664 1268 erant?
693 1238 768 1266 cur
794 1228 948 1268 Hector
977 1233 1022 1267 et
1049 1226 1165 1266 Mars
1193 1223 1351 1265 tamdiu
1381 1224 1567 1265 Graecos
1599 1222 1774 1279 aggredi
1803 1223 2078 1263 cunctantur?

489 1294 696 1342 Videntur
725 1311 861 1344 autem
907 1302 1047 1344 omnia
1086 1302 1249 1343 turbata
1289 1313 1392 1343 esse.
1469 1300 1551 1341 Vv.
1582 1301 1662 1342 533
1681 1323 1702 1330 -
1726 1301 1807 1342 590
1850 1299 2000 1341 Graeci
2043 1312 2136 1341 cum
2181 1300 2377 1355 Trojanis

289 1377 363 1433 qui
393 1390 466 1420 eos
503 1380 631 1421 Marte
672 1388 846 1421 auctore
887 1382 953 1434 (v.
982 1380 1087 1430 518)
1118 1378 1301 1436 aggressi
1344 1386 1474 1431 erant,
1514 1386 1700 1434 pugnant
1711 1392 1724 1430 3
1767 1378 1881 1418 Mars
1928 1391 2026 1419 vero
2070 1392 2162 1418 cum
2191 1378 2378 1419 Hectore

288 1456 387 1496 inde
416 1470 438 1497 a
468 1470 508 1498 v.
539 1458 619 1499 590
649 1458 810 1500 demum
840 1458 884 1497 in
912 1457 1124 1513 proelium
1151 1457 1196 1497 it.
1253 1458 1307 1499 V.
1335 1457 1416 1499 607
1448 1463 1584 1497 autem
1612 1464 1737 1511 poeta
1768 1456 1891 1499 dicit:

762 1535 907 1593 Τρῶες
935 1535 982 1577 δὲ
1008 1531 1132 1589 μάλα
1161 1531 1322 1586 σχεδὸν
1349 1530 1517 1589 ἤλυθον
1547 1529 1710 1576 αἰτῶν.

486 1615 578 1654 Hoc
609 1627 690 1654 non
721 1628 797 1655 suo
826 1615 921 1656 loco
942 1614 1098 1656 dictum
1121 1627 1227 1665 esse,
1255 1627 1385 1668 quum
1415 1613 1497 1666 jam
1517 1626 1666 1668 magna
1684 1614 1962 1667 'l'rojanorum
1993 1627 2089 1667 pars
2106 1613 2378 1665 dimicaverit,

287 1690 380 1744 quis
410 1698 472 1730 est
498 1690 570 1744 qui
600 1706 683 1732 non
715 1691 882 1732 videat?
937 1692 1022 1731 Sed
1050 1692 1216 1731 omissis
1243 1691 1310 1739 iis,
1343 1703 1451 1745 quos
1480 1690 1648 1743 spurios
1678 1690 1785 1729 duco
1817 1691 2026 1738 versibus,
2070 1704 2193 1744 quam
2236 1690 2373 1729 lucida

287 1767 423 1808 evadit
450 1768 658 1808 narratio!
712 1770 942 1824 Postquam
971 1771 1054 1810 443
1082 1768 1309 1809 Diomedes
1325 1767 1530 1822 Apollinis
1560 1767 1682 1807 minis
1712 1767 1850 1815 cessit,
1879 1767 2034 1821 Apollo
2065 1783 2086 1806 a
2107 1769 2239 1807 Marte
2268 1767 2374 1821 petit

286 1854 333 1884 ut
360 1845 605 1885 Diomedem
646 1859 667 1885 e
702 1847 870 1899 proelio
906 1856 1127 1887 removeat.
1194 1848 1288 1886 Hoc
1326 1854 1370 1884 ut
1406 1846 1538 1893 faciat,
1576 1846 1686 1884 Mars
1728 1846 1855 1893 (461)
1891 1844 1969 1883 sub
2014 1844 2194 1884 hominis
2236 1844 2374 1898 specie

286 1923 492 1976 Trojanos
522 1922 619 1973 adit,
648 1931 690 1963 et
719 1923 771 1962 ad
800 1937 979 1977 pugnam
1006 1924 1196 1978 impellit.
1252 1925 1414 1962 Hector
1444 1922 1695 1976 Sarpedonis
1725 1935 1894 1977 quoque
1922 1922 2065 1961 verbis
2102 1921 2150 1960 ad
2192 1936 2375 1976 pugnan-

286 1998 382 2040 dum
412 1999 631 2051 excitatur,
660 2001 770 2040 Mars
800 2008 939 2041 autem
970 2009 1061 2041 atra
1090 2008 1216 2042 nocte
1244 2001 1450 2054 Trojanos
1484 2000 1589 2054 tegit
1625 2008 1665 2040 et
1692 2000 1781 2053 ipse
1823 2006 2003 2038 armatus
2035 2000 2210 2039 Hectori
2249 2013 2373 2053 prae-

285 2076 392 2116 sidio
423 2076 554 2119 adest.
613 2080 720 2117 Tum
749 2077 989 2128 Diomedes,
1019 2077 1089 2117 dei
1117 2086 1288 2133 aspectu
1324 2077 1504 2126 territus,
1550 2077 1837 2118 contremiscit
1876 2085 1917 2117 et
1945 2076 2121 2116 Graecis
2167 2086 2213 2117 ut
2251 2078 2373 2116 Marti

286 2156 435 2197 cedant
464 2156 627 2205 suadet,
663 2156 735 2212 qui
765 2170 861 2198 cum
900 2156 1096 2211 Trojanis
1136 2156 1310 2211 propius
1340 2156 1600 2213 propiusque
1632 2163 1880 2198 accesserat.
1910 2178 1966 2186 —
1997 2155 2122 2195 Haud
2151 2155 2371 2211 indignum

284 2247 374 2276 esse
402 2234 570 2276 videtur
600 2235 823 2284 mentione,
861 2249 928 2277 vv.
960 2236 1053 2277 590.
1086 2236 1162 2276 591
1198 2234 1367 2276 eosdem
1396 2234 1486 2275 fere
1525 2247 1620 2275 esse
1664 2248 1713 2275 ac
1742 2234 1784 2275 A
1812 2235 1906 2278 343.
1937 2235 2033 2284 344,
2074 2248 2112 2274 v.
2145 2236 2226 2276 596
2264 2247 2369 2276 vero

285 2326 380 2353 cum
410 2312 453 2354 Λ
477 2314 558 2354 345
589 2313 838 2362 convenire3
870 2313 924 2355 ita
952 2321 999 2353 ut
1025 2327 1110 2353 non
1138 2310 1308 2353 difficile
1333 2311 1461 2353 suerit
1489 2322 1583 2354 ante
1629 2328 1668 2353 v.
1694 2315 1775 2354 596
1807 2327 1879 2354 eos
1909 2313 2093 2353 inserere
2123 2326 2266 2353 versus
2299 2312 2373 2367 qui

283 2391 327 2431 in
356 2391 399 2432 Λ
426 2391 534 2431 libro
565 2391 705 2432 eadem
749 2391 881 2432 verba
918 2390 1241 2445 praecedebant.
1270 2413 1326 2423 —-
1369 2391 1436 2431 Sic
1466 2391 1629 2432 duobus
1655 2391 1835 2431 inductis
1879 2390 2076 2446 episodiis
2109 2391 2213 2440 (508
2234 2413 2255 2421 -
2275 2391 2371 2438 593,

284 2469 518 2518 607-699)
548 2468 781 2522 simplicior
809 2468 972 2509 reddita
1002 2477 1067 2510 est
1094 2464 1340 2522 Διομήδους
1367 2463 1585 2524 ἀριστεία.
1656 2469 1742 2509 Sed
1772 2477 1930 2509 restant
1971 2469 2049 2508 alia
2087 2468 2290 2523 quaedam
2329 2468 2370 2506 in

281 2546 361 2585 hoc
392 2546 576 2586 carmine
604 2545 805 2599 episodia,
852 2561 1032 2602 quorum
1069 2546 1170 2586 illud
1215 2546 1330 2603 quod
1362 2561 1433 2587 vv.
1463 2548 1600 2588 9-83
1644 2547 1900 2595 continetur,
1949 2545 2084 2599 paulla
2128 2545 2362 2585 accuratius

282 2623 610 2665 consideremus.
