3008 4101
1455 353 1524 360 -
1665 327 1699 373 3
1838 351 1910 360 ..-

642 471 722 512 143
750 469 875 522 longa
920 464 1109 507 oratione
1138 463 1342 505 Glaucum
1372 463 1626 518 interroget,
1657 478 1756 504 num
1787 462 1896 504 forte
1926 462 2031 504 deus
2070 462 2136 514 sit,
2173 475 2223 503 ea
2265 475 2442 516 prorsus
2471 474 2587 508 caret
2616 467 2744 509 facul-

641 554 738 593 tate,
784 557 906 598 quam
937 543 977 583 ei
1003 541 1048 583 E
1077 543 1155 583 127
1194 541 1376 581 Minerva
1421 540 1605 584 dederat.
1674 540 1834 581 Deinde
1872 553 1982 580 vero
2025 538 2218 581 nonnihil
2256 539 2450 582 interesse
2486 543 2656 584 videtur
2692 545 2742 586 ad
2806 586 2811 590 ⁴

638 618 768 677 primi
797 616 994 659 carminis
1024 623 1210 658 naturam
1242 614 1394 657 melius
1425 614 1761 670 cognoscendam
1790 624 1834 657 ut
1855 614 2052 656 Hectoris
2067 614 2199 658 verba
2227 615 2379 671 quibus
2405 616 2743 660 Andromacham

637 694 889 743 consolatur,
916 689 1146 747 praecipue
1175 689 1270 730 inde
1300 704 1323 729 a
1354 704 1394 734 v.
1421 691 1502 732 447
1536 691 1768 731 accuratius
1797 690 2076 746 inspiciamus,
2106 704 2479 747 comparemusque
2506 706 2601 734 cum
2630 695 2741 751 Aga-

642 770 893 819 memnonis,
920 769 1155 808 Menelaum
1185 767 1437 822 alloquentis
1477 768 1517 807 Δ
1551 769 1627 808 155
1659 782 1752 824 sqq.
1795 768 2006 818 oratione,
2047 781 2150 822 quae
2177 768 2273 808 inde
2314 782 2338 808 a
2381 782 2421 810 v.
2453 770 2533 810 163
2571 778 2741 812 nostrae

641 862 723 892 tam
753 847 899 889 similis
930 853 993 887 est
1021 852 1069 886 ut
1095 853 1162 885 aut
1191 845 1242 885 ab
1273 844 1421 885 eodem
1449 844 1529 886 hae
1559 845 1769 887 orationes
1799 844 1934 886 factae
1973 845 2059 886 sint
2087 853 2257 887 auctore
2294 854 2364 886 aut
2405 845 2533 886 altera
2570 846 2739 888 alteram

637 927 834 968 imitetur.
892 923 1016 965 Cous.
1043 920 1084 963 Z
1109 923 1191 963 447
1221 936 1315 978 sqq.
1345 936 1437 962 cum
1468 921 1508 962 Δ
1541 923 1767 974 163-1653
1796 921 1907 964 conf.
1935 921 1976 963 Z
2003 922 2086 963 450
2115 937 2228 978 sqq.:

1115 994 1216 1039 ἀλλ’
1244 992 1298 1039 οὔ
1324 1012 1403 1050 μοι
1439 994 1603 1054 Τρώων
1631 994 1799 1040 τόσσον
1824 998 1946 1052 μέλει
1975 995 2106 1052 ἄλγος
2135 994 2313 1041 ὀπίσσω
2339 1026 2397 1031 -
2419 1025 2466 1032 -

990 1078 1071 1118 455
1113 1072 1285 1116 ὅσσον
1313 1075 1412 1116 σεῦ

652 1173 747 1200 cum
777 1159 817 1198 A
849 1156 927 1197 168
956 1168 1073 1209 sqq.:

1384 1225 1442 1268 τὰ
1470 1230 1552 1280 μὲν
1581 1227 1761 1269 ἔσσεται
1792 1224 1870 1270 οὔκ
1899 1224 2114 1271 ἀτέλεστα
2116 1261 2133 1281 ,

1112 1304 1231 1350 ἀλλά
1258 1322 1335 1361 μοι
1365 1305 1496 1350 αἰνὸν
1525 1302 1633 1359 ἄχος
1663 1309 1835 1362 σζέθεν
1861 1307 2042 1351 ἔσσεται

644 1391 758 1433 conf.
788 1389 968 1443 denique
998 1387 1038 1427 Z
1063 1388 1147 1428 459
1177 1401 1268 1441 sqq.
1287 1398 1399 1426 ‘cum
1429 1388 1468 1426 Δ
1502 1388 1580 1427 176
1610 1400 1701 1441 sqq.

845 1466 986 1525 Quum
1016 1473 1152 1504 tamen
1182 1472 1349 1517 poetam
1393 1477 1436 1502 se
1478 1463 1615 1516 ipsum
1660 1464 1714 1502 ita
1757 1464 2046 1518 exscripsisse,
2086 1477 2232 1518 parum
2273 1462 2499 1504 verisimile
2537 1464 2609 1515 sit,
2639 1465 2739 1503 mihi

645 1545 813 1601 quidem
845 1543 950 1583 aiter
976 1543 1096 1581 locus
1127 1541 1293 1580 alterius
1322 1541 1500 1579 imitatio
1530 1553 1619 1580 esse
1653 1540 1832 1580 videtur.
1893 1541 2057 1598 Quodsi
2095 1541 2143 1581 de
2173 1540 2321 1581 talibus
2350 1544 2482 1595 rebus,
2511 1541 2605 1582 satis
2632 1541 2740 1581 haud

645 1621 776 1663 dubie
807 1618 1006 1667 obscuris,
1035 1617 1318 1671 conjecturam
1349 1616 1487 1657 facere
1517 1617 1662 1667 liceat,
1693 1617 1824 1670 possit
1864 1615 2042 1658 fortasse
2083 1617 2234 1672 aliquis
2279 1617 2559 1673 contendere,
2602 1619 2739 1659 locum

644 1700 761 1740 illum
792 1698 834 1737 in
862 1695 1183 1751 Agamemnonis
1213 1694 1404 1735 oratione
1432 1693 1583 1733 melius
1602 1693 1687 1748 legi
1707 1707 1831 1748 quam
1852 1693 1894 1733 in
1920 1694 2131 1735 Hectoris.
2174 1694 2270 1734 Alia
2291 1695 2451 1745 omitto,
2482 1694 2555 1735 sed
2570 1695 2741 1737 videtur

647 1777 771 1818 etiam
801 1770 1114 1817 Andromachae
1144 1784 1251 1827 quae
1274 1771 1517 1826 praecessit,
1546 1770 1741 1822 orationi,
1773 1771 1933 1811 alienus
1953 1770 2134 1826 adjectus
2164 1784 2253 1813 esse
2281 1770 2390 1813 finis.
2447 1772 2603 1815 Versus
2633 1774 2740 1815 enim

645 1852 857 1896 433-439
886 1864 1015 1906 quum
1045 1861 1124 1903 per
1153 1862 1196 1888 se
1227 1848 1322 1888 satis
1351 1848 1446 1887 miri
1474 1855 1583 1901 sunt,
1612 1856 1700 1888 tum
1730 1849 1796 1889 vel
1826 1849 2125 1890 sententiarum
2147 1862 2316 1904 nexum,
2332 1850 2373 1889 ni
2389 1850 2529 1902 fallor,
2555 1851 2742 1896 turbant.

645 1932 763 1973 Dicit
790 1933 953 1970 Hector
980 1942 1020 1969 v.
1050 1928 1157 1968 441³

1120 1998 1144 2057 ἧ
1173 2006 1245 2043 καὶ
1276 2000 1371 2054 ἐμοὶ
1403 1997 1536 2043 τάδε
1569 1998 1758 2043 πάντα
1788 2001 1927 2054 μέλει,
1954 1998 2103 2054 γύναι,
2133 1998 2249 2044 ἀλλὰ
2276 2000 2380 2056 μάλ’
2407 2004 2540 2052 αι’νῶς

1123 2079 1330 2132 αἰδέομαι
1368 2079 1520 2133 Τρῶας

650 2178 758 2222 quae
787 2164 836 2204 ad
868 2176 912 2203 ea
940 2168 1098 2201 tantum
1129 2157 1286 2198 referri
1315 2166 1487 2210 possunt
1517 2170 1620 2210 quae
1652 2165 1745 2197 ante
1776 2172 1811 2197 v.
1839 2158 1920 2199 433
1951 2158 2163 2212 leguntur.
2222 2159 2305 2198 Sed
2335 2160 2497 2200 omissis
2527 2176 2595 2202 vv.
2626 2162 2742 2202 433-

650 2242 733 2282 439
764 2248 803 2279 et
833 2236 1043 2279 447-‹165
1073 2235 1289 2289 legamus:

1009 2314 1085 2354 431
1120 2305 1243 2362 „dms
1271 2305 1350 2362 ἄγε
1382 2310 1462 2350 νῦν
1491 2306 1657 2362 ἐλέαιρε
1688 2310 1765 2349 καί
1791 2303 1929 2350 αὐτοῦ
1957 2309 2081 2361 μίμν’
2108 2306 2182 2350 ἐπὶ
2213 2305 2380 2366 πύργῳ,

1120 2389 1177 2445 μὴ
1206 2388 1332 2431 παῖδ’
1362 2386 1606 2443 ὀρφανικὸν
1634 2384 1742 2447 θήῃς
1772 2384 1904 2442 χήρην
1931 2401 1979 2429 τε
2009 2391 2244 2439 γυναῖκιι.“

1007 2469 1090 2510 440
1117 2465 1196 2523 τὴν
1223 2466 1261 2507 δ’
1289 2460 1395 2507 αὖτε
1426 2466 1669 2522 προσέειπε
1700 2465 1832 2517 μένας
1860 2464 2152 2521 κορυθαίολος
2170 2461 2336 2523 ’Έκτωρ

1126 2541 1185 2602 ,,ἦ
1215 2549 1288 2587 καὶ
1317 2543 1416 2598 ἐμοὶ
1445 2541 1552 2586 τάδε
1583 2539 1736 2586 πάντα
1762 2543 1901 2598 μέλει,
1931 2539 2074 2596 γύναι·
2104 2539 2220 2586 ἀλλὰ
2248 2542 2352 2599 μάλ’
2380 2545 2516 2595 αἰνῶς

1126 2624 1333 2677 αἰδέομαι
1371 2623 1523 2679 Τρῶας
1551 2627 1624 2664 καῖ
1661 2619 1873 2678 Τρωάδας
1899 2619 2258 2673 ἑλκεσιπέπλους,

1125 2704 1247 2745 αἴκε
1280 2700 1409 2750 κακὸς
1440 2699 1496 2749 ὣς
1525 2698 1690 2757 νόσφιν
1719 2696 1949 2751 ἀλυσκάζω
1978 2700 2207 2754 πολέμοιο.

1128 2776 1232 2822 οὗδέ
1257 2794 1312 2834 με
1342 2777 1485 2833 θυμὸς
1514 2775 1702 2831 ἄνωγεν,
1734 2777 1833 2820 ἐπεὶ
1863 2775 2018 2832 μάθον
2046 2778 2232 2832 ἔμμεναι
2264 2777 2425 2827 ἐσθλός

1127 2858 1217 2900 αιέῑ
1246 2862 1319 2899 καὶ
1349 2855 1565 2914 πρώτοισι
1597 2858 1711 2911 μετὰ
1747 2854 1946 2913 Τρώεσσι
1977 2854 2225 2911 μάχεσθαι,

1126 2932 1370 2993 ἀρνύμενος
1398 2933 1566 2992 πατρός
1595 2951 1642 2978 τε
1671 2937 1782 2990 μέγα
1812 2935 1931 2983 κλέος
1959 2931 2024 2991 ἧδ’
2047 2933 2153 2989 ἐμὸν
2183 2931 2372 2978 αῧτοῦ.“

1016 3018 1099 3059 466
1129 3013 1185 3063 ὣς
1214 3014 1354 3057 εἰπών
1384 3010 1435 3056 οὗ
1467 3014 1627 3063 παιδὸς
1659 3010 1840 3071 ὀρέξατο
1870 3012 2081 3071 φαίδιμος
2099 3011 2277 3071 Ἕκτωρ.
