2977 3810
1151 64 1213 73 -..
1356 39 1386 86 3
1530 65 1595 75 -.

328 178 406 230 jam
440 176 678 227 considere,
712 177 755 215 id
793 178 959 232 reliquo
999 177 1182 216 carmine
1218 175 1443 229 refutatur,
1481 192 1573 217 nam
1614 192 1742 232 quum
1775 192 1840 218 vv.
1875 179 2083 219 113-115
2114 186 2320 218 narratum
2350 179 2414 225 sit,

328 253 480 293 milites
509 253 561 293 de
588 253 778 293 curribus
808 254 1085 305 descendisse,
1117 268 1157 294 v.
1187 255 1270 295 326
1299 253 1463 292 demum
1495 254 1696 304 legimus:

795 329 841 372 οἵ
863 333 945 384 μὲν
973 330 1111 373 ἔπειτ’
1137 331 1283 380 ἵζοντο
1311 328 1423 370 κατὰ
1454 333 1608 381 στίχας

532 408 614 448 Sed
643 422 695 449 ne
726 409 776 449 ab
806 423 888 451 uno
918 409 1086 465 quidem
1116 416 1290 449 auctore
1319 408 1509 449 universa
1539 407 1728 463 profecta
1766 416 1829 449 est
1866 407 2176 462 teichoscopia;
2205 430 2261 438 —-
2288 409 2418 448 intro-

330 484 470 525 ductio
502 486 612 526 enim
641 487 886 526 narratione
912 486 1004 538 ipsa
1033 485 1167 525 multo
1196 486 1317 540 pejor
1346 497 1440 525 esse
1470 486 1647 528 videtur.
1706 477 1835 525 Venit
1862 484 1914 524 ad
1941 485 2144 525 Helenam
2170 485 2244 525 Iris
2272 485 2417 524 nuntia

329 582 385 590 —
414 576 435 600 a
467 576 649 616 quonam
679 562 832 613 missa?
885 564 962 602 Est
992 562 1168 603 deorum
1197 562 1353 615 nuntia,
1390 562 1433 601 ni
1469 562 1602 603 fallor.
1661 563 1717 602 At
1763 561 2011 601 coelestium
2048 562 2257 602 neminem
2303 562 2417 610 novi,

329 638 447 692 cujus
477 640 676 681 interesse
703 639 859 694 possit,
894 648 940 680 ut
977 636 1135 690 γλυκὺν
1170 638 1325 694 ἵμερον
1360 633 1521 694 ἀνδρὸς
1548 638 1782 694 προτέροις)
1809 638 1975 679 Helena
2014 639 2153 679 animo
2182 639 2418 692 concipiam

328 730 421 756 nam
456 716 613 768 Venus,
642 716 712 757 cui
741 717 821 756 hae
852 729 919 757 res
949 729 1075 757 curae
1105 729 1194 757 esse
1222 716 1371 771 solent,
1406 716 1548 756 Paridi
1587 731 1710 773 quam
1750 716 1928 756 maxime
1970 716 2099 760 favet.
2154 717 2210 756 At
2248 715 2419 756 interest

327 794 638 851 interpolatoris
667 802 714 836 ut
741 794 904 835 moenia
933 794 1145 844 ascendat,
1174 794 1228 835 ita
1260 794 1370 835 enim
1398 795 1584 836 inserere
1610 794 1768 849 poterit
1795 806 1846 834 ea
1882 807 1984 851 quae
2022 794 2149 833 habet
2183 793 2417 850 fragmenta

328 874 484 914 veteris
514 873 825 928 teichoscopiae
853 873 1059 915 carminis.
1118 873 1201 913 Sed
1238 887 1292 914 ne
1321 873 1425 913 illud
1453 873 1619 929 quidem
1650 886 1702 913 ex
1741 873 1912 929 ingenio
1949 873 2202 914 Homericae
2238 886 2417 927 poeseos

330 964 417 991 esse
446 959 565 1004 puto,
595 951 710 1006 quod
736 951 812 990 Iris
840 965 862 989 a
889 951 1072 1001 nemine,
1107 950 1179 1006 qui
1209 951 1375 1006 quidem
1405 951 1638 990 nominatus
1671 950 1737 1003 sit,
1764 950 1890 989 missa
1920 950 1963 989 in
1991 959 2144 990 terram
2175 951 2309 996 venit;
2340 963 2418 989 nec

328 1028 383 1076 id,
415 1028 529 1082 quod
557 1027 658 1067 haec
700 1028 788 1081 ipsa
829 1027 902 1066 Iris
940 1035 1186 1080 potestatem
1224 1027 1347 1067 habet
1376 1024 1533 1077 γλυκὺν
1573 1027 1729 1081 ἵμερον
1771 1027 1935 1067 mortali
1978 1026 2199 1080 injiciendi,
2244 1040 2326 1080 qua
2371 1040 2419 1066 re

330 1106 509 1145 Veneris
550 1106 642 1158 jura
680 1118 931 1159 magnopere
968 1104 1136 1145 laedere
1175 1105 1360 1146 videtur.
1428 1105 1575 1159 Neque
1613 1117 1716 1145 vero
1756 1102 1930 1144 difficile
1968 1113 2055 1144 erat
2086 1118 2156 1145 vv·
2199 1105 2271 1144 121
2298 1106 2418 1144 -140

330 1194 601 1234 componere.
671 1182 738 1221 Ad
768 1195 805 1222 v.
842 1183 915 1220 121
949 1180 1006 1221 cf.
1036 1180 1079 1220 Β
1108 1183 1202 1229 786,
1251 1174 1308 1219 ad‘
1330 1196 1368 1220 v.
1402 1183 1500 1222 1⁴24:
1562 1181 1601 1220 Ζ
1629 1182 1725 1228 252,
1768 1180 1819 1218 aa
1855 1182 1943 1221 125.
1978 1182 2080 1222 126:
2125 1180 2169 1220 X
2195 1184 2292 1221 440.
2322 1183 2418 1228 441,

319 1240 380 1297 vad
415 1260 513 1298 127:
544 1272 583 1297 v.
619 1260 708 1306 131,
739 1258 790 1297 ad
822 1260 923 1300 129:
966 1257 1009 1297 B
1039 1260 1136 1306 790,
1165 1272 1233 1298 vv.
1267 1260 1343 1298 134
1366 1282 1385 1288 -
1405 1260 1483 1298 138
1513 1259 1687 1312 denique
1716 1256 1829 1295 haud
1871 1257 1980 1295 male
2019 1272 2068 1296 ea
2097 1257 2284 1297 referunt
2313 1272 2417 1312 quae

328 1336 381 1374 68
410 1348 506 1388 sqq.
536 1334 723 1387 exposita
754 1343 886 1374 erant.

531 1411 649 1450 Haec
677 1410 768 1450 fere
798 1411 849 1450 de
880 1411 1054 1466 singulis
1085 1410 1256 1451 dicenda
1286 1418 1425 1450 erant:
1466 1410 1549 1464 jam
1583 1423 1689 1465 quae
1733 1410 1783 1451 de
1813 1411 1933 1451 tertio
1963 1410 2072 1450 libro
2122 1419 2290 1464 reperta
2327 1425 2417 1451 esse

332 1489 536 1537 videntur,
576 1489 842 1541 complectar.
910 1489 1069 1528 Vetera
1113 1489 1316 1536 carmina,
1362 1487 1648 1527 carminumve
1677 1496 1810 1540 partes
1850 1501 1937 1527 esse
1978 1501 2156 1527 censeo:
2198 1488 2416 1540 primum

330 1580 439 1618 quae
470 1565 523 1605 de
550 1579 689 1618 pugna
717 1565 913 1605 dicuntur
941 1566 1148 1606 mentione
1176 1564 1445 1619 jurisjurandi
1475 1572 1592 1617 post
1621 1577 1802 1620 pugnam
1830 1564 2006 1604 faciendi
2035 1564 2194 1617 adjecta
2233 1566 2415 1614 (tertium

328 1641 495 1682 Lachm.
526 1643 739 1693 carmen);
775 1641 1059 1682 secundum
1091 1641 1190 1681 duas
1221 1643 1449 1681 carminum
1479 1641 1709 1693 paullulum
1747 1640 1854 1680 inter
1891 1653 1934 1681 se
1973 1641 2235 1683 diversorum
2273 1651 2415 1695 partes

330 1732 440 1773 quae
469 1719 759 1771 jusjurandum
803 1733 859 1757 an
873 1728 923 1758 te
965 1733 1145 1772 pugnam
1177 1718 1418 1758 faciendum
1447 1717 1629 1767 habent;
1674 1718 1896 1758 tertium
1932 1717 2271 1772 teichoscopiam‚
2311 1733 2417 1773 quae

329 1796 419 1835 fere
451 1810 478 1834 a·
508 1810 543 1835 v.
564 1796 643 1835 140
671 1795 832 1847 incipit.
874 1797 986 1834 Haec
1017 1796 1196 1834 carmina
1224 1794 1418 1834 habuisse
1447 1794 1591 1847 judico
1622 1807 1731 1845 eum,
1764 1794 1834 1849 qui
1864 1795 2032 1834 tertium
2063 1794 2212 1834 librum
2241 1795 2282 1834 in
2312 1808 2419 1845 eum,

329 1885 453 1926 quem
503 1885 613 1911 nunc
650 1870 845 1911 habemus
886 1871 1078 1912 ordinem
1118 1871 1303 1925 redegit,
1344 1872 1417 1924 qui
1454 1885 1582 1925 quum
1618 1884 1765 1923 parum
1807 1878 1901 1923 apte
1945 1869 2261 1911 difficultatibus
2300 1882 2418 1912 recte

330 1949 562 2003 perspectis
593 1948 846 1999 mederetur,
883 1957 926 1988 et
955 1948 1265 2002 teichoscopiae
1299 1947 1655 1989 introductionem
1687 1955 1730 1988 et
1758 1947 1867 1987 Idaei
1905 1948 2013 2001 apud
2050 1948 2258 1989 Priamum
2295 1949 2419 1989 verba

331 2027 495 2081 adjecit.
553 2028 659 2066 Tam
691 2034 836 2079 aperte
866 2035 1004 2065 tamen
1035 2033 1263 2080 utrumque
1293 2027 1433 2066 locum
1464 2038 1515 2065 ex
1545 2026 1717 2067 aliorum
1755 2025 1945 2065 locorum
1985 2025 2127 2067 verbis
2169 2028 2421 2081 composuit,

332 2112 374 2144 ct
405 2103 551 2158 quibus
582 2103 623 2142 in
654 2116 737 2142 uno
769 2117 862 2142 usus
893 2110 999 2153 erat,
1032 2116 1079 2141 ea
1107 2103 1147 2141 in
1180 2103 1310 2141 altero
1345 2103 1515 2155 repetiit
1543 2105 1775 2156 (136-138
1803 2119 1860 2139 =
1889 2106 2007 2144 253-
2027 2106 2148 2157 255„
2189 2113 2273 2143 tarn
2312 2107 2419 2143 male

332 2180 539 2233 adaptavit
568 2178 730 2218 aliunde
762 2188 925 2232 sumpta
955 2193 1065 2218 novo
1097 2180 1194 2218 loco
1228 2180 1300 2225 (cf.
1329 2174 1472 2232 αἶ’τάρ
1509 2194 1548 2218 v.
1580 2181 1706 2231 253);
1747 2188 1827 2218 tam
1866 2182 1971 2219 male
2012 2181 2194 2236 denique
2237 2182 2420 2221 teichos—

330 2257 496 2311 copiam
528 2256 769 2304 collocavit,
818 2264 874 2304 ut,
919 2255 1031 2310 quod
1066 2256 1183 2295 nobis
1226 2257 1535 2309 optatissimum
1566 2257 1718 2306 evenit,
1761 2272 1843 2297 non
1885 2257 2054 2297 difficile
2096 2260 2147 2297 sit
2188 2259 2277 2311 ejus
2308 2268 2417 2299 artes

328 2333 583 2387 perspicere,
616 2341 942 2387 pei-spectasque
973 2333 1209 2386 repudiare.

1347 2412 1404 2454 ΙΙ.

530 2488 620 2527 Hac
650 2487 897 2542 quaestione
929 2487 977 2527 de
1008 2487 1157 2543 quinto
1188 2489 1299 2543 quod
1331 2489 1616 2530 Lachmannus
1648 2489 1876 2538 constituit,
1919 2490 2102 2530 carmine
2144 2503 2290 2546 agam3
2332 2505 2416 2546 quo

331 2578 459 2619 quum
491 2564 687 2612 aliorum,
733 2572 820 2602 tum
865 2565 1041 2605 maxime
1070 2565 1284 2605 Diomedis
1329 2579 1396 2605 res
1440 2575 1583 2623 gestae
1628 2575 1855 2606 narrantur.
1929 2568 2196 2620 Conspicitur
2240 2570 2417 2622 primum

330 2641 447 2681 initio
476 2640 504 2683 l.
535 2640 586 2693 E,
616 2640 692 2681 ubi
721 2641 878 2695 ingenti
908 2642 1064 2683 robore
1094 2642 1146 2682 ab
1172 2643 1334 2684 Athena
1363 2644 1558 2696 imbutus,
1602 2644 1813 2697 Phegeum
1845 2643 2037 2684 interficit
2066 2652 2109 2684 et
2138 2647 2417 2699 Trojanorum

332 2718 461 2757 aciem
492 2717 651 2768 turbat3
684 2731 778 2758 mox
795 2731 908 2766 vero,
941 2733 963 2758 a
978 2719 1161 2760 Pandaro
1178 2719 1395 2761 humerum
1427 2720 1572 2774 sagitta
1589 2732 1821 2773 percussus,
1851 2720 2001 2759 iterum
2021 2720 2204 2761 Athenae
2224 2724 2418 2764 auxilium

1969 2790 1981 2820 ι
1997 2790 2013 2806 {-
