3064 4084
1072 331 1137 339 -.
1281 302 1346 349 15
1486 330 1555 337 —

264 439 313 480 ab
345 440 645 494 interpolatore
675 439 838 480 additus
867 453 956 481 esse
987 441 1176 490 videtur)
1217 441 1285 481 vel
1329 455 1419 482 eam
1454 441 1507 481 ob
1538 454 1706 481 causam
1735 453 1881 481 carere
1922 456 2006 482 non
2053 455 2193 496 posse,
2233 443 2348 498 quod

264 530 408 558 versus
436 518 647 558 343-345
675 529 764 557 rem
794 526 975 572 narrant,
1003 533 1084 574 qua
1110 520 1153 558 in
1180 518 1261 559 hoc
1292 520 1476 559 carmine
1517 518 1630 558 nulla
1660 526 1799 572 potest
1841 532 1931 559 esse
1970 519 2120 572 aptior.
2188 518 2346 560 Graeci

263 593 373 635 enim
403 593 611 647 Troianos
639 594 825 636 vicerant
852 602 895 636 et
922 602 1039 636 trans
1070 594 1225 636 fossam
1267 595 1516 649 repulerant.
1588 595 1731 653 Quum
1773 595 1899 651 igitur
1924 596 2120 650 Juppiter
2148 597 2345 652 Trojanis

260 673 482 714 victoriam
511 672 612 714 dare
639 673 935 724 constituisset,
964 686 1103 714 nonne
1130 673 1175 714 in
1201 672 1279 713 hac
1304 672 1475 714 victoria
1503 672 1710 713 narranda
1730 672 1773 713 id
1800 673 1939 726 ipsum
1954 671 2223 713 referendum
2239 681 2345 724 erat,

260 752 464 806 Trojanos
493 752 655 802 iterum,
685 752 799 793 fossa
826 752 1011 806 trajecta,
1041 751 1302 792 Graecorum
1330 760 1464 791 castra
1494 751 1720 792 invasisse?
1774 751 1981 806 Equidem
2010 749 2052 793 Ο
2075 753 2088 791 l

725 823 867 883 αὗτάρ
893 826 992 870 ἐπεὶ
1020 825 1098 869 διά
1124 842 1174 870 τε
1201 824 1427 876 σκόλοπας
1454 832 1527 870 καῖ
1557 825 1730 885 τάφρον
1757 828 1919 884 ἔβησαν

256 912 299 944 et
328 902 370 944 0
399 905 606 946 343-345

723 976 822 1036 ὄφρ’
851 978 898 1022 οἷ
922 979 1023 1027 τοὺς
1045 977 1246 1037 ἐνάριζον
1275 976 1355 1021 ἄπ’
1385 980 1531 1030 ἔντεα,
1560 977 1709 1035 τόφρα
1737 979 1776 1020 δ’
1794 975 1971 1030 Ἀχαιοί

721 1056 876 1114 τάφρῳ
904 1063 978 1100 καὶ
1007 1057 1307 1101 σκολόπεσσιν
1334 1056 1645 1113 ἐνιπλήξαντες
1673 1053 1831 1116 ὀρυκτῇ

718 1135 834 1178 ἔνθα
862 1140 936 1178 καὶ
964 1136 1080 1179 ἔνθα
1108 1138 1297 1191 φέβοντο

250 1211 301 1250 ad
331 1210 441 1250 idem
471 1223 637 1251 carmen
668 1212 885 1265 pertinere
911 1211 1062 1266 judico.
1121 1214 1214 1253 Hoc
1243 1211 1463 1267 quominus
1492 1210 1776 1252 Lachmannus
1805 1224 1977 1266 quoque
2006 1211 2203 1259 voluerit,
2234 1210 2334 1250 nihil

249 1288 402 1339 obstat,
433 1302 564 1342 quum
591 1301 676 1328 non
705 1301 756 1328 ex
786 1288 951 1330 decimo
971 1289 1098 1330 tertio
1117 1288 1313 1343 carmine,
1333 1287 1404 1329 sed
1420 1302 1471 1328 ex
1494 1287 1660 1330 decimo
1677 1301 1821 1330 versus
1837 1287 1929 1328 illos
1951 1287 2156 1330 328-366
2177 1287 2312 1341 ejiciat
2320 1301 2333 1338 ;

247 1364 320 1405 sed
351 1373 444 1405 utut
471 1362 568 1405 baec
595 1377 664 1404 res
694 1378 783 1405 sese
809 1364 943 1413 habet,
976 1365 1027 1406 de
1059 1379 1108 1406 eo
1139 1365 1321 1406 dubitari
1356 1379 1439 1405 non
1464 1377 1596 1419 posse
1616 1373 1733 1420 puto,
1763 1365 1861 1421 quin
1893 1365 1927 1404 si
1951 1378 2096 1405 versus
2125 1364 2331 1406 328-366

248 1442 381 1498 quarti
410 1441 557 1483 decimi
588 1442 777 1482 carminis
807 1451 917 1492 sunt,
947 1443 998 1483 ab
1025 1442 1105 1484 hoc
1134 1456 1303 1499 quoque
1332 1442 1530 1489 carmine,
1576 1442 1618 1482 id
1657 1442 1773 1498 quod
1816 1450 1932 1484 antea
1971 1443 2078 1495 dixi,
2120 1442 2328 1482 decimum

244 1522 414 1564 tertium
444 1523 604 1578 aliquot
632 1536 779 1565 versus
808 1531 977 1564 mutuos
1006 1536 1167 1564 sumere
1197 1531 1381 1577 cogatur.
1414 1545 1461 1552 —
1491 1521 1662 1582 Quanto
1692 1521 1947 1576 simpliciora
1974 1520 2074 1561 haec
2110 1520 2251 1561 omnia
2289 1520 2329 1560 ei

245 1614 330 1642 esse
360 1599 624 1650 videbuntur,
655 1602 741 1655 qui,
768 1614 836 1641 me
865 1608 1049 1652 secutus,
1077 1600 1243 1640 decimo
1273 1600 1456 1639 carmine
1486 1600 1594 1638 intra
1621 1599 1664 1639 Λ
1692 1598 1787 1638 libri
1815 1598 1919 1637 fines
1946 1600 2158 1653 relegato,
2191 1596 2232 1638 Ο
2265 1601 2283 1638 l
2308 1623 2330 1630 -

243 1680 325 1719 366
354 1692 438 1718 non
467 1677 598 1718 tribus
626 1677 890 1726 carminibus,
918 1679 993 1728 (X,
1021 1677 1120 1726 xm,
1149 1677 1266 1726 xlv)
1294 1677 1363 1717 sed
1391 1677 1463 1716 uni
1492 1683 1648 1717 tantum
1677 1677 1810 1725 (xm)
1829 1676 2004 1716 tribuet!
2063 1676 2177 1716 Sicut
2191 1685 2330 1716 autem

242 1768 385 1797 versus
413 1756 495 1797 328
517 1757 636 1797 -366
666 1768 761 1809 pars
792 1763 904 1795 erant
933 1754 1084 1794 decimi
1114 1753 1226 1794 tertii
1257 1753 1463 1802 carminis,
1506 1753 1561 1793 ita
1592 1753 1711 1792 etiam
1744 1766 1888 1793 versus
1929 1754 2144 1794 281-305
2174 1755 2325 1794 melius

242 1832 283 1871 in
314 1832 477 1872 decimo
506 1832 633 1872 tertio
664 1845 786 1886 quam
817 1832 859 1871 in
889 1832 1053 1870 decimo
1085 1839 1236 1886 quarto
1265 1831 1447 1869 carmine
1476 1831 1570 1884 legi,
1611 1843 1663 1868 ex
1699 1844 1841 1870 rerum
1882 1840 2005 1886 atque
2034 1832 2325 1871 sententiarum

239 1921 349 1949 nexu
379 1906 550 1961 probari
578 1920 705 1960 posse
734 1913 850 1959 puto,
912 1906 1014 1945 Nam
1045 1920 1172 1960 quum
1202 1904 1244 1947 0
1263 1906 1344 1946 302
1375 1906 1507 1962 Megis
1535 1908 1688 1946 mentio
1718 1907 1798 1954 fiat,
1828 1906 2019 1961 equidem
2048 1908 2158 1946 hunc
2186 1908 2320 1947 locum

239 1984 291 2023 ad
319 1984 429 2022 idem
458 1995 629 2021 carmen
655 1981 859 2034 pertinere
887 1980 1091 2034 existimo,
1129 1982 1169 2020 in
1202 1995 1286 2036 quo
1317 1996 1414 2022 mox
1452 1982 1565 2021 idern
1598 1984 1737 2037 Meges
1782 1983 1824 2024 0
1854 1986 1934 2024 520
1963 1993 2141 2039 pugnat,
2193 1985 2230 2023 id
2262 1993 2323 2023 est

239 2061 289 2101 ad
318 2060 485 2101 tertium
517 2058 735 2098 decimam.
793 2054 857 2096 Cf.
893 2070 1036 2097 versus
1080 2059 1174 2098 301.
1205 2058 1285 2098 302
1315 2058 1455 2108 (Aiax,
1486 2060 1665 2108 Teucer,
1707 2062 1880 2115 Meges)⁷
1907 2062 1989 2102 436
2035 2078 2126 2119 sqq.
2176 2063 2323 2116 (Max,

238 2139 431 2190 Teucer),
460 2137 541 2177 516
570 2149 663 2189 sqq.
694 2134 830 2187 (Ajax,
859 2135 1033 2189 Meges).
1094 2137 1254 2188 Nonne,
1293 2135 1402 2174 sicut
1433 2144 1552 2175 antea
1575 2133 1618 2177 0
1652 2138 1665 2175 Ι
1703 2145 1745 2176 et
1775 2135 1817 2177 0
1846 2138 2064 2189 343-345,
2109 2140 2165 2180 ita
2208 2153 2318 2181 nunc

237 2214 277 2256 0
307 2215 383 2255 301
418 2227 510 2269 sqq.
541 2211 622 2252 436
650 2225 743 2266 sqq.
773 2212 854 2252 516
884 2225 975 2266 sqq.
1005 2211 1192 2265 ejusdem
1223 2213 1418 2253 carminis
1447 2214 1601 2254 erunt?

434 2294 495 2331 Ea
526 2303 632 2346 quae
662 2291 759 2329 inde
790 2305 813 2330 a
842 2289 884 2331 0
912 2291 989 2331 381
1024 2304 1153 2345 usquc
1182 2290 1233 2330 ad
1262 2289 1304 2332 Ο
1334 2294 1409 2333 591
1444 2292 1653 2348 leguntur,
1684 2306 1831 2336 cuncta
1852 2297 1901 2336 ad
1921 2311 2083 2337 carmen
2106 2298 2314 2338 decimum

234 2371 402 2412 tertium
415 2369 639 2422 pertinere,
650 2368 834 2408 narratio
850 2368 960 2408 bene
976 2368 1219 2409 continuata
1233 2369 1416 2421 probare
1432 2369 1609 2423 videtur,
1620 2370 1844 2420 dummodo
1862 2374 2041 2426 excipias
2052 2388 2194 2414 versus
2202 2377 2283 2416 390
2295 2399 2315 2406 -

233 2450 329 2489 413.
362 2448 400 2486 in
435 2445 583 2502 quibus
613 2443 795 2484 Patrocli
824 2452 864 2484 et
890 2445 1087 2497 Eurypyli
1116 2445 1271 2486 mentio
1302 2444 1360 2485 fit.
1390 2446 1544 2498 Ejectis
1564 2446 1690 2501 igitur
1708 2448 1770 2488 his
1798 2451 1984 2491 versibus
2014 2452 2074 2491 sic
2103 2453 2313 2507 legamus:

594 2526 674 2568 385
1084 2520 1161 2564 ἐπὶ
1189 2518 1415 2583 πρύμνῃσι
1443 2520 1641 2577 μάχοντο

699 2598 873 2653 ἔγχεσιν
900 2595 1139 2657 ἀμφιγύοις
1167 2595 1458 2653 αὐτοσχεδόν,
1489 2599 1535 2643 οἱ
1558 2603 1642 2656 μὲν
1668 2597 1750 2660 ἀφ’
1774 2603 1949 2657 ἵππων,

698 2673 744 2718 οἱ
771 2674 809 2716 δ’
835 2671 930 2718 ἆπό
961 2676 1076 2731 νηῶν
1106 2673 1190 2733 ὕψι
1220 2674 1475 2731 μελαινάων
1504 2675 1737 2734 ἐπιβάντες

695 2756 902 2810 μακροῖσι
932 2756 1149 2805 ξυστοῖσι,
1182 2752 1238 2796 τά
1265 2751 1323 2811 ρυῖ
1351 2757 1428 2811 σφ’
1456 2754 1532 2798 ἐπὶ
1563 2760 1717 2813 νηυσὶν
1744 2757 1882 2800 ἔκειτο

696 2828 904 2884 ναύμαχα
933 2828 1186 2886 κολλήεντα,
1215 2830 1329 2872 κατὰ
1358 2829 1504 2885 στόμα
1535 2832 1688 2886 εἱμένα
1715 2834 1873 2888 χαλκῷ·

589 2911 669 2949 414
698 2905 824 2949 ἄλλοι
856 2909 896 2949 δ’
919 2906 1033 2964 ἄμφ’
1049 2905 1202 2969 ἄλλῃσι
1234 2908 1379 2964 μάχην
1406 2908 1624 2963 ἐμάχοντο
1653 2913 1840 2952 νέεσσιν.

683 2983 849 3041 ’Έκτωρ
878 2982 1041 3040 δ’ζόἱνϋ
1064 2988 1251 3034 Αἴαντος
1278 2987 1453 3028 ἐείσατο
1483 2988 1750 3040 κυδαλίμοιο.
