3084 3993
2526 45 2662 199 ζ,

1122 286 1192 295 -
1333 260 1362 308 7
1502 289 1572 297 -

307 411 470 438 carmen
501 411 650 438 eorum
678 398 884 437 mentibus
913 397 1182 440 obversatum
1211 399 1338 441 fuisse
1367 403 1441 457 qui
1472 415 1507 442 c.
1539 403 1607 444 VI.
1638 402 1873 445 audiebant.
1932 404 2014 443 Sed
2043 404 2206 443 omissis
2237 418 2304 444 vv.
2331 407 2392 444 5-
2419 400 2422 404 ’

306 477 373 518 72.
405 490 488 518 non
519 487 667 516 omnes
695 474 884 516 sublatae
914 485 1008 517 sunt
1036 490 1088 517 ex
1127 478 1314 519 carmine
1358 487 1474 520 sexto
1512 477 1793 522 difficultates.
1850 481 1957 520 Nam
1995 494 2124 537 quum
2162 481 2390 523 Diomedes
2420 511 2423 514 -

307 552 511 607 Trojauos
540 553 712 608 fugaret,
742 554 903 594 Hector
929 554 1091 594 Heleno
1119 563 1290 595 auctore
1328 555 1370 595 in
1417 555 1566 597 urbem
1596 556 1708 597 redit
1736 566 1779 598 et
1814 558 2000 598 Minerva
2038 558 2260 598 mulierum
2298 572 2395 613 pre-

307 630 420 672 cibus
450 629 586 671 aditur
611 638 659 671 ut
685 629 903 673 Diomedis
930 630 1136 685 impetum
1165 631 1369 674 cohibeat.
1425 635 1480 675 At
1507 629 1716 676 ἃνένευεν
1744 649 1784 676 v.
1813 636 1919 688 3113
1949 649 2050 676 non
2080 636 2206 692 igitur
2233 635 2398 676 cohibet

305 707 525 748 Diomedis
554 707 771 761 impetum.
830 707 1097 748 Arimi-chus
1126 722 1165 749 v.
1194 710 1271 750 311
1305 710 1479 760 delevit3
1508 712 1582 752 sed
1609 712 1874 753 nihilominus
1903 713 2105 762 Minerva,
2135 714 2398 754 Graecorum

305 786 475 837 fautrix,
503 784 782 838 Trojanarum
812 785 1031 824 mulierum
1058 799 1210 839 preces
1245 800 1329 827 non
1368 788 1586 829 exaudisse
1617 790 1825 830 censenda
1853 799 1928 831 est.
1986 790 2101 850 Quid
2127 790 2256 845 igitur
2292 791 2397 831 Dio-

306 862 445 901 medes
473 859 632 901 faciet?
658 869 859 915 pergetne
889 860 1098 914 Trojanos
1126 863 1305 917 urgere?
1357 865 1489 904 Immo
1520 869 1692 914 Hector,
1735 867 1809 922 qui
1836 876 1953 907 antea
1981 867 2177 907 Diomedi
2204 868 2393 907 resistere

278 980 281 982 ,
304 952 389 978 non
419 945 629 991 potuerat,
654 944 875 991 postquam
903 949 998 976 cum
1024 938 1334 979 Alexandro—
1357 940 1521 982 homine
1542 942 1654 982 haud
1672 944 1728 983 ita
1757 942 1859 983 forti
1887 967 1942 974 —
1972 957 2022 983 ex
2038 945 2140 984 urhe
2158 944 2394 991 revertitur,

305 1016 488 1055 Graecos
517 1015 669 1053 mirum
697 1014 740 1052 in
770 1011 944 1055 modum
973 1014 1118 1068 fugat3
1148 1016 1320 1057 vincunt
1347 1019 1536 1073 Trojani.
1602 1023 1706 1060 Tam
1743 1029 1869 1075 poeta
1908 1035 2034 1076 quam
2072 1022 2261 1061 Minerva
2291 1021 2394 1061 Dio-

305 1091 440 1132 medis
470 1091 642 1133 omnino
673 1084 986 1141 obliviscuntur,
1016 1100 1058 1132 et
1086 1091 1162 1132 dea
1193 1116 1241 1125 -
1275 1095 1420 1136 nescio
1450 1112 1574 1153 quam
1613 1098 1666 1138 ob
1704 1110 1869 1137 causam
1895 1120 1951 1130 —
1987 1112 2037 1139 eo
2076 1098 2314 1147 adducitur,
2349 1106 2394 1137 ut

305 1180 458 1208 novum
488 1166 656 1208 Graecis
686 1166 840 1223 ubique
869 1166 1022 1223 fugatis
1050 1170 1280 1211 remedium
1311 1182 1495 1227 quaerat.
1537 1176 1702 1214 Hector
1729 1173 1782 1213 ad
1808 1176 2091 1227 μονομαχίαν
2119 1189 2213 1215 cum
2225 1175 2393 1216 Graeco

307 1249 447 1304 aliquo
476 1248 602 1289 heroe
633 1249 850 1288 excitatur.
907 1250 1067 1291 Evocat
1094 1249 1384 1292 fortissimum.
1439 1254 1532 1293 Jam
1578 1266 1662 1293 non
1692 1253 1867 1307 amplius
1907 1253 2153 1292 mirabimur
2194 1265 2267 1292 cur
2308 1265 2393 1291 non

304 1326 440 1368 statim
471 1325 665 1380 prosiliat
680 1326 980 1368 Diomedes—
999 1328 1181 1370 consedit
1208 1329 1319 1369 enim
1348 1329 1471 1371 furor
1499 1330 1586 1385 ejus
1607 1329 1743 1369 —sed
1772 1343 1910 1371 nonne
1941 1329 1982 1369 in
2013 1329 2254 1369 universum
2284 1327 2392 1369 ratio

305 1417 386 1458 qua
418 1402 469 1442 ad
508 1403 809 1444 continendum
845 1417 1013 1444 carmen
1042 1405 1111 1447 Vl.
1145 1405 1372 1445 Diomedes
1407 1406 1455 1445 ab
1495 1415 1667 1447 auctore
1695 1405 1930 1458 adhibetur,
1971 1419 2175 1445 summam
2218 1418 2389 1445 movere

305 1483 427 1521 debet
456 1482 796 1522 admirationem?
851 1484 1042 1523 Primum
1071 1492 1234 1522 terrere
1262 1483 1413 1522 dicitur
1441 1484 1669 1536 Trojanos,
1711 1498 1958 1538 quamquam
1988 1483 2087 1521 nihil
2116 1483 2240 1531 facit,
2275 1483 2391 1536 quod

304 1574 386 1600 non
417 1558 485 1598 alii
514 1558 623 1599 idem
653 1558 829 1610 faciant3
860 1560 931 1599 sed
958 1560 1039 1601 hoc
1065 1568 1234 1601 terrore
1265 1557 1446 1599 efficitur
1475 1568 1520 1599 ut
1546 1562 1708 1601 Hector
1736 1561 1777 1599 in
1804 1559 1952 1599 urbem
1982 1559 2118 1601 redire
2147 1567 2190 1598 et
2216 1571 2390 1598 uxorem

305 1651 417 1676 suam
449 1638 674 1677 convenire
704 1639 847 1691 possit.
904 1637 1004 1698 Quo
1033 1638 1146 1677 facto
1175 1650 1260 1676 non
1289 1637 1465 1692 amplius
1495 1638 1649 1678 mentio
1677 1636 1727 1677 fit
1741 1637 1969 1677 Diomedis.
2011 1637 2220 1692 Equidem
2242 1645 2389 1690 poetae

305 1716 379 1770 qui
409 1728 489 1765 res,
520 1726 638 1757 sexto
654 1716 909 1756 Lachmanni
934 1717 1115 1757 carmine
1138 1722 1331 1765 narratas,
1361 1715 1472 1754 bene
1489 1728 1656 1755 narrare
1672 1716 1877 1764 voluisset,
1906 1715 2005 1753 baec
2026 1713 2114 1754 fere
2144 1714 2388 1768 exponenda

303 1791 433 1833 fuisse
452 1792 657 1835 existimo.
701 1794 886 1834 Primum
900 1793 1021 1834 nobis
1033 1786 1279 1833 Diomedem
1295 1792 1578 1845 Trojanorum
1601 1793 1830 1833 exercitum
1851 1791 2063 1847 fugantem
2088 1799 2387 1842 monstrasset3

303 1869 465 1919 deinde,
496 1872 683 1910 Hectore
714 1872 881 1925 Trojam
913 1871 1054 1919 misso,
1081 1869 1294 1925 quomodo
1323 1873 1473 1908 sactum
1504 1878 1623 1918 esset,
1653 1878 1697 1908 ut
1713 1869 1939 1909 Diomedes
1969 1883 1990 1908 e
2018 1869 2181 1921 proelio
2206 1868 2386 1916 cederet,

303 1955 525 1990 narrasset.
580 1948 657 1987 His
684 1948 788 1988 bene
816 1948 1024 2002 expositis,
1054 1960 1137 1986 non
1165 1947 1311 1987 fuisset
1341 1946 1455 2002 quod
1491 1948 1756 1999 miraremur,
1792 1948 2020 1986 Hectorem
2057 1955 2180 2001 atque
2209 1947 2386 1985 Alexan—

304 2024 427 2065 drum
456 2026 635 2066 Graecos
665 2025 854 2077 vincere,
896 2026 1210 2081 Minervamque
1239 2014 1433 2066 coactam
1469 2019 1560 2065 esse.
1590 2032 1635 2064 ut
1663 2038 1792 2065 novas
1830 2031 1940 2065 artes
1971 2032 2199 2079 quaereret.
2229 2045 2285 2055 --
2313 2024 2387 2063 His

304 2111 444 2142 autem
472 2112 743 2143 monstratum
775 2117 862 2142 esse
893 2103 1097 2154 existimo,
1123 2090 1284 2143 'sextum
1314 2102 1572 2141 Lachmanni
1613 2115 1780 2141 carmen
1825 2117 1953 2141 unum
1995 2116 2082 2141 esse
2123 2116 2207 2141 non
2237 2115 2386 2155 posse3

305 2181 422 2219 deest
451 2181 559 2218 enim
601 2194 648 2218 ea
693 2193 801 2235 quae
840 2181 1074 2220 necessario
1112 2193 1253 2219 rerum
1294 2188 1505 2232 gestarum
1547 2192 1658 2217 nexu
1697 2179 1880 2218 efficitur
1927 2181 2070 2218 unitas.
2141 2180 2246 2218 Sunt
2277 2180 2386 2218 tria

304 2257 549 2306 carmina,
580 2270 682 2312 quae
712 2265 848 2298 tamen
880 2257 1086 2298 simillima
1122 2258 1231 2298 inter
1273 2270 1317 2297 se
1361 2266 1454 2297 sunt
1496 2256 1552 2296 ob
1583 2257 1757 2296 rationis
1794 2272 1873 2311 qua
1917 2257 1958 2295 in
1996 2256 2207 2296 narrandis
2250 2257 2387 2296 diver-

303 2334 471 2374 sissimis
511 2333 637 2374 rebus
685 2343 877 2386 utuntur,
914 2334 1238 2376 similitudinem.
1317 2334 1458 2389 Itaque
1499 2333 1762 2374 Lachmanno
1797 2333 2065 2374 assentiemur
2105 2333 2179 2387 qui
2219 2338 2282 2387 (p.
2312 2335 2388 2382 22)

302 2412 404 2451 mite
434 2412 639 2467 quoddam
670 2426 797 2454 carm.
829 2415 897 2455 Vl.
926 2412 1138 2468 ingenium
1167 2411 1324 2460 tribuit,
1364 2411 1489 2451 modo
1519 2411 1771 2466 excipiamus
1801 2411 1841 2451 Z
1867 2413 2014 2462 5-72,
2058 2411 2127 2450 ubi
2165 2413 2389 2465 Agamem-

302 2489 423 2528 nonis
452 2489 673 2529 crudelitas
703 2503 827 2543 quam
855 2497 981 2542 poeta
1009 2489 1153 2529 verbis
1182 2488 1344 2541 αἴσιμα
1373 2486 1609 2542 παρειπών
1637 2488 1805 2541 probat,
1851 2488 2173 2528 diversissimam
2203 2489 2385 2528 auctoris

301 2575 482 2606 mentem
512 2574 741 2606 monstrare
772 2566 947 2607 videtur.
1002 2566 1101 2606 Tria
1143 2575 1277 2607 autem
1321 2565 1499 2607 carmina
1540 2566 1643 2606 haec
1680 2574 1825 2609 erunt:
1866 2566 1914 2617 l)
1946 2564 1985 2605 Ζ
2012 2566 2189 2606 73-118
2233 2574 2275 2605 et
2305 2566 2383 2606 257

303 2657 433 2698 usque
462 2644 511 2681 ad
542 2643 666 2682 {inem
697 2642 785 2682 fere
816 2644 927 2685 libri.
983 2646 1144 2684 Hector
1172 2645 1216 2682 in
1242 2643 1392 2683 urbem
1422 2644 1545 2696 redit,
1588 2653 1628 2683 et
1657 2657 1752 2683 cum
1782 2657 1911 2683 uxore
1942 2643 2209 2697 colloquitur.
2266 2643 2315 2693 2)
2348 2641 2387 2681 Z

305 2723 383 2761 119
409 2722 543 2762 -236.
602 2721 748 2760 Glauci
792 2734 888 2760 cum
927 2722 1136 2763 Diomede
1177 2723 1431 2777 congressio.
1505 2724 1553 2770 3)
1587 2721 1635 2761 H
1666 2722 1756 2761 fere
1796 2722 1891 2760 inde
1932 2735 1954 2758 a
1993 2734 2030 2759 v.
2060 2723 2111 2758 45
2157 2733 2288 2774 usque
2334 2720 2384 2757 ad

302 2814 342 2841 v.
373 2800 467 2840 312.
485 2794 689 2853 ’Έκτορος
716 2801 789 2838 καὶ
818 2799 1010 2845 Αἴαντος
1036 2801 1303 2853 μονομαχία.

501 2878 590 2916 Jam
620 2876 670 2914 de
700 2877 869 2931 singulis
900 2878 1149 2917 carminibus
1177 2878 1373 2917 nonnulla
1402 2878 1547 2920 dicam.
1577 2879 1758 2916 Primum
1788 2885 1928 2915 autem
1957 2876 2004 2926 is,
2032 2876 2104 2928 qui
2135 2887 2297 2915 carmen
2329 2873 2383 2912 de

304 2955 463 2996 Glauco
495 2962 536 2994 et
564 2954 769 2993 Diomede
798 2955 909 3005 fecit,
951 2955 1020 2994 lib.
1054 2955 1096 2995 E
1120 2969 1201 2994 non
1230 2956 1417 2994 habuisse
1446 2956 1626 3004 videtui-3
1668 2968 1756 2993 nam
1788 2953 2011 2993 Diomedes
2042 2966 2169 3007 quum
2198 2951 2237 2990 Z
2265 2952 2342 2991 123
2362 2975 2382 2982 -
